3196 5292
897 701 917 766 6

416 915 502 983 lntcr
536 915 597 984 alia
633 915 764 1004 quidem
802 935 885 1005 quae
922 913 1043 1005 quippe
1078 913 1118 982 ab
1152 924 1267 983 nostro
1300 915 1435 993 consilio

371 1037 547 1130 remotiora
571 1039 677 1108 valere
712 1038 879 1122 iubemus,
906 1038 1110 1108 Aristonicus
1135 1049 1217 1108 teste
1241 1039 1336 1109 Suida
1361 1041 1382 1109 i.
1404 1063 1433 1110 r.

370 1171 444 1253 περὶΙ
464 1166 530 1236 τῶν
545 1169 685 1254 σημείων
700 1171 767 1237 τῶν
784 1175 840 1252 τῆς
857 1168 1003 1247 Ἰλιάδος
1022 1171 1078 1234 καὶ
1094 1165 1281 1246 Ὀδυσσείας
1295 1165 1433 1256 scripsit,

373 1289 425 1358 uid
456 1310 559 1360 unum
590 1299 765 1379 totumque
795 1311 910 1380 agens,
943 1302 981 1359 ut
1005 1311 1086 1380 quas
1110 1289 1316 1359 Aristarchus
1340 1303 1433 1360 nutas

369 1414 518 1484 uersibus
546 1414 724 1484 Homericis
750 1427 965 1506 apposuerat,
991 1436 1045 1483 eas
1068 1414 1224 1483 indicaret
1247 1435 1367 1504 easque
1389 1414 1433 1481 ita

332 1551 345 1565 '·
369 1537 561 1617 illustraret,
598 1547 636 1605 ut
672 1558 785 1607 causas
821 1548 1078 1628 argumentoque
1113 1537 1291 1607 Aristarchi
1323 1538 1461 1607 obser-·

368 1659 595 1750 rationesque,
633 1661 752 1750 quibus
789 1663 987 1733 stabiliendis
1023 1663 1095 1733 illae
1129 1639 1239 1734 notae¹
1261 1664 1430 1745 servirent,

370 1793 603 1872 congererem
621 1785 691 1874 llid.
716 1786 840 1854 Lehrsii
860 1788 899 1856 de
917 1788 1095 1857 Aristarchi
1114 1790 1235 1859 Studiis
1255 1791 1430 1859 Homericis

371 1907 471 1977 editio
487 1896 602 1978 'altera
620 1932 665 1999 p.
691 1909 721 1978 6.
756 1912 863 2001 Atque
894 1911 1013 1981 ibidem
1047 1935 1078 2003 p.
1104 1913 1147 1981 ll
1176 1914 1225 1984 vir
1248 1914 1430 2003 praeclarus

371 2034 801 2123 argumentationemsuam
821 2037 867 2105 sic
883 2039 1065 2106 concludit:
1093 2039 1197 2127 cErgo
1210 2039 1273 2106 boo
1286 2039 1430 2118 dicimus,

372 2181 502 2242 omncs,
536 2176 617 2250 quas
646 2160 850 2229 Aristonicus
875 2172 1008 2244 tractat,
1033 2173 1127 2232 notas
1151 2161 1329 2230 Aristarchi
1353 2182 1431 2229 esse.

371 2283 598 2354 Concedimus¹
617 2295 726 2353 tamen
757 2305 822 2353 uno
847 2286 989 2356 alterove
1014 2287 1087 2356 loco
1112 2309 1128 2356 a
1154 2287 1320 2376 discipulis
1345 2288 1432 2376 signa

371 2406 479 2476 addita
506 2428 578 2475 esse
592 2399 640 2476 *eir
664 2419 773 2477 mente
796 2408 1003 2478 Aristarchi.»

414 2531 528 2620 ltaque
567 2531 711 2600 officium
749 2553 859 2602 meum
893 2533 1038 2624 primum
1073 2534 1106 2603 in
1139 2534 1313 2604 Aristonici
1347 2536 1432 2605 notis

370 2655 559 2745 indagandis
602 2657 801 2738 versabitur,
849 2668 920 2726 tum
956 2659 1086 2727 demum
1124 2668 1234 2726 utrum
1272 2681 1355 2749 quae
1389 2659 1432 2726 illi
1581 2695 1582 2698 ¹

370 2780 598 2868 grammatico,
625 2780 737 2871 itaque
749 2782 936 2853 Aristarcho
963 2806 1096 2875 quoque
1120 2784 1333 2854 adiudicanda
1353 2787 1431 2868 sint,

370 2904 589 2973 dissertationi
620 2905 689 2974 eius
714 2907 753 2975 de
778 2908 945 2978 navalibus
970 2909 1131 2998 assignari
1155 2909 1293 2978 debeant
1317 2931 1432 2992 necne,

369 3030 556 3099 coniectura
587 3030 731 3099 conabor
762 3033 902 3121 assequi.
949 3031 1017 3112 Qua
1046 3033 1078 3100 in
1102 3054 1137 3101 re
1161 3054 1228 3102 non
1251 3033 1320 3123 ipsa
1346 3032 1433 3101 Aris-

371 3155 470 3226 tarchi
495 3155 592 3224 vcrba
617 3155 774 3245 expiscari
805 3156 959 3238 studebo,
992 3178 1066 3225 nam
1095 3157 1128 3225 id
1152 3157 1221 3227 fieri
1244 3178 1310 3225 non
1336 3147 1432 3247 posse

370 3281 545 3370 unicuique
568 3292 674 3371 patet,
701 3282 757 3349 sed
781 3281 850 3349 eius
876 3281 1051 3350 sententias
1078 3303 1157 3370 quas
1183 3279 1216 3348 in
1240 3280 1434 3371 disputatio-

369 3428 443 3476 nem
468 3407 669 3497 deperditam
695 3407 829 3496 recepit.

413 3530 457 3598 Ut
479 3530 542 3598 iam
567 3551 666 3620 supra
690 3530 820 3610 monui,
845 3529 996 3598 Nicanori
1021 3528 1078 3618 qui
1104 3527 1180 3618 (rid.
1206 3527 1321 3598 Suidas
1347 3531 1365 3598 i.
1387 3531 1430 3619 v.)

369 3656 409 3723 de
439 3654 702 3744 interpunctione
727 3656 814 3745 apud
840 3655 1018 3723 Homerum
1040 3653 1120 3743 egit,
1143 3653 1320 3722 Aristarchi
1344 3674 1433 3723 com-

369 3779 524 3848 mentatio
557 3779 789 3868 topograpbica
824 3801 890 3848 non
922 3780 1032 3869 ignota
1057 3779 1158 3847 luisse
1182 3790 1301 3869 potest.
1347 3779 1432 3866 Ergo

369 3903 466 3971 huius
491 3902 586 3971 etiam
612 3904 814 3992 grammatici
839 3902 1063 3972 annotationes
1088 3903 1181 3970 nobis
1197 3902 1433 3992 perquirendae

371 4037 458 4095 sunt.

417 4151 636 4221 Herodianum
665 4162 772 4220 autem
808 4171 904 4241 quem
936 4153 1043 4241 ipsum
1073 4150 1180 4241 operis
1204 4160 1431 4239 argumentum
