3196 5292
898 666 918 732 h

377 897 484 966 neque
519 879 619 947 ullam
654 899 766 948 earum
801 879 851 947 ita·
879 881 1020 948 solutam
1053 901 1125 950 esse
1156 880 1242 950 dicas
1273 891 1310 950 ut
1339 904 1437 951 nemo

376 1000 514 1090 amplius
540 1001 674 1071 dubitet.

421 1125 581 1194 Locorum
622 1136 732 1196 autem
767 1149 850 1216 quae
885 1128 918 1196 in
951 1141 1101 1220 poemate
1136 1142 1435 1201 commemorantur

377 1246 536 1328 delinitio,
585 1249 650 1318 sive
693 1271 744 1318 res
778 1272 851 1319 vere
883 1246 991 1342 gestae
1027 1255 1093 1323 sive
1127 1256 1221 1325 fictae
1256 1269 1434 1338 canuntur,

376 1384 536 1460 quantum
560 1374 600 1442 ad
623 1374 685 1443 rite
708 1376 973 1463 cognoscendum
997 1387 1029 1446 et
1052 1389 1140 1447 recte
1153 1379 1432 1470 interpretandum

376 1507 509 1585 poetam
538 1499 659 1580 valeat,
690 1499 739 1566 vis
773 1522 971 1590 quemquam
1002 1503 1035 1569 in
1065 1503 1208 1573 Homero
1240 1507 1290 1573 vel
1313 1504 1435 1573 medio-

374 1619 471 1687 criter
493 1631 657 1690 versatum
681 1623 793 1711 sugere
817 1635 927 1713 potest
950 1646 1056 1714 neque
1082 1628 1158 1696 olim
1173 1628 1288 1697 doctos
1302 1629 1435 1697 Alexan-

374 1744 484 1812 drinos
519 1745 615 1813 latuit
649 1746 768 1835 quibus
800 1747 832 1815 in
867 1748 999 1818 intimos
1036 1750 1163 1839 linguae
1186 1751 1434 1841 litterarumque

373 1867 575 1938 Graecarum
597 1891 747 1940 recessus
771 1883 940 1961 penetrare
963 1873 1090 1941 licebat.
1138 1873 1229 1942 Unde
1252 1875 1375 1942 lactum
1398 1884 1435 1941 ut

372 1993 578 2063 Aristarchus
600 1995 685 2063 iuter
708 1995 769 2063 alia
793 2015 876 2085 quae
899 1996 1040 2086 plurima
1065 1997 1195 2087 scripsit
1214 1998 1255 2066 ad
1272 1999 1434 2088 duplicem

372 2141 469 2209 quam
501 2120 644 2188 condidit
671 2119 802 2188 Homeri
827 2120 1047 2216 recensionem
1073 2120 1300 2188 illustrandam
1325 2120 1462 2213 singu-t
1581 2178 1582 2200 ,

372 2245 472 2313 larem
507 2243 729 2334 composuerit
764 2245 1070 2313 commentationem
1107 2245 1146 2313 de
1180 2245 1365 2326 navalibus,
1398 2253 1435 2312 ut

371 2389 432 2437 nos
467 2369 562 2437 docet
598 2369 698 2436 schol.
733 2369 760 2436 A
794 2369 835 2437 ad
861 2369 887 2436 K
911 2369 964 2437 53.
1011 2369 1057 2438 (li.
1082 2369 1182 2438 schol.
1206 2370 1233 2437 A
1255 2370 1296 2438 ad
1319 2368 1344 2437 O
1368 2366 1433 2436 lllrll

372 2504 405 2562 et
429 2514 512 2583 quae
536 2493 551 2582 5
574 2492 617 2561 to
641 2493 814 2583 disputabo
840 2493 879 2562 de
903 2493 1002 2561 schol.
1027 2493 1052 2559 A
1076 2493 1117 2561 ad
1138 2491 1204 2559 tt.
1228 2491 1317 2559 Hanc
1332 2491 1434 2580 igitur

369 2617 680 2687 commentationem.
707 2638 789 2706 quae
819 2615 1024 2707 paucissimis
1048 2615 1127 2683 locis
1152 2615 1295 2704 exceptis
1320 2613 1432 2682 iniuria

368 2754 555 2832 temporum
578 2740 691 2831 periit,
717 2762 777 2830 ego
804 2759 952 2808 summos
965 2737 1133 2828 petiturus
1146 2737 1178 2805 in
1191 2737 1307 2806 litteris
1320 2738 1433 2806 huma-

368 2866 514 2935 niorihus
539 2866 698 2946 honores,
722 2885 788 2933 non
813 2875 879 2932 tam
902 2863 943 2931 ad
965 2862 1129 2950 integrum
1150 2862 1323 2930 restituere
1336 2882 1432 2930 cona-

367 2990 445 3071 bor,
462 2960 664 3078 nlongissime
696 2989 782 3058 euim
812 2988 893 3056 illud
924 3007 1008 3076 opus
1033 3008 1108 3054 cum
1133 2986 1166 3055 id
1190 2986 1279 3076 quod
1302 2985 1432 3054 omuino

342 3095 439 3181 wsieri
473 3123 584 3203 potest
620 3122 690 3180 tum
725 3111 869 3180 modicas
900 3132 989 3180 meas
1010 3111 1097 3202 ,vires
1123 3121 1309 3201 superaret,
1335 3132 1432 3200 quam

369 3237 503 3327 vestigia
539 3237 723 3327 scriptionis
754 3237 916 3326 perditae,
942 3237 1050 3326 quoad
1075 3237 1144 3304 eius
1168 3237 1273 3304 lacere
1296 3246 1431 3326 potero,

370 3362 509 3430 studebo
544 3360 707 3452 persequi.
742 3401 787 3410 -
821 3361 1009 3450 Scripturus
1049 3361 1148 3448 igitur
1184 3360 1223 3428 de
1257 3358 1434 3428 Aristarchi

299 3559 301 3562 ,
368 3485 588 3576 disputatione
618 3492 690 3576 περὶ
714 3494 770 3557 τοῦ
794 3494 1008 3574 ναυστάθμου
1032 3484 1258 3564 instauranda,
1283 3483 1427 3574 primum

368 3608 407 3676 de
430 3607 575 3676 sontibus
600 3629 710 3698 agam,
735 3610 822 3679 unde
846 3610 924 3677 mihi
948 3585 1162 3678 hauriendum
1186 3617 1274 3690 erat,
1299 3618 1371 3676 tum
1393 3609 1433 3678 de

365 3731 414 3799 ria
449 3752 487 3799 ac
521 3732 647 3800 ratione
682 3754 781 3822 quam
810 3734 844 3801 in
876 3734 937 3801 hac
961 3732 1187 3802 dissertatione
1210 3733 1434 3822 componenda
1545 3751 1548 3756 ·

366 3864 499 3924 secutus
524 3875 613 3935 sum,
639 3856 798 3944 quaedam
820 3856 1005 3946 praelahor.

413 3978 531 4048 Omnes
565 3979 587 4046 ii
620 3978 704 4060 loci,
740 3980 796 4048 ubi
840 3979 1017 4049 Aristarchi
1052 3979 1358 4049 commentationem
1393 3980 1433 4049 de

364 4103 534 4176 naualibus
565 4102 755 4172 nominatim
785 4104 950 4174 laudatam
980 4104 1156 4186 hahemus,
1198 4105 1322 4174 scholia
1353 4115 1431 4173 sunt
