3196 5292
688 681 731 750 59

219 901 326 989 Atque
350 898 383 966 in
407 897 530 966 Veneto
555 895 585 962 B
608 894 746 983 legimus
771 893 886 961 haece:

172 1031 291 1094 ἀθετεῖ
320 1024 560 1112 Ἀρίσταρχος.
590 1025 721 1109 πρῶτον
750 1022 810 1105 μὲν
841 1022 897 1087 6ιά
928 1023 964 1086 τὸ
998 1019 1105 1096 πύλας
1134 1018 1240 1095 ἄλλας

137 1140 140 1144 ’
171 1155 406 1238 ὀνομάζεσθαι·
439 1151 565 1237 ἀρέσκει
599 1152 660 1234 γὰρ
684 1147 773 1231 αὐτῷ
796 1147 877 1230 μίαν
901 1141 1000 1223 εἶναι.
1027 1140 1098 1210 εἶτα
1122 1143 1178 1209 ete
1202 1145 1238 1210 τὸ

171 1277 358 1363 ,,ἀργαλέον
390 1275 426 1342 δέ
456 1303 495 1360 με
525 1269 664 1340 ταῦτα”·
690 1275 766 1357 φησί
791 1275 852 1356 γάρ
876 1272 926 1336 ὅτι
952 1273 1006 1334 καί
1030 1272 1094 1352 μὴν
1119 1267 1237 1352 ἔφρασε

171 1409 233 1486 τὴν
257 1402 481 1489 τειχομαχίαν·
507 1395 577 1465 εἶτα
611 1401 667 1462 καί
691 1397 747 1462 διὰ
771 1399 806 1462 τὸ
829 1398 1002 1470 Λαπίθαι·
1027 1396 1064 1462 οίι
1088 1399 1150 1478 γὰρ
1174 1395 1238 1470 δεῖ,

172 1527 268 1612 φησὶ,
293 1529 347 1591 καί
372 1527 446 1601 τούς
470 1521 614 1608 πατέρας
638 1526 694 1588 καί
720 1523 794 1597 τούς
819 1524 907 1598 υἱούς
931 1525 1094 1597 Λαπίθας
1112 1519 1237 1590 καλεῖν.

170 1658 256 1727 Πῒος
280 1651 314 1718 δέ
342 1647 396 1736 (cs.
420 1646 497 1714 BVL
521 1645 561 1712 ad
585 1651 615 1706 E
638 1642 719 1724 638,
746 1643 771 1710 V
797 1643 837 1710 ad
861 1651 894 1707 Λ
917 1641 993 1724 2⁹27,
1017 1641 1235 1723 BadAwQ

173 1779 205 1838 Φ
229 1773 289 1853 55,
315 1771 389 1852 147,
415 1769 493 1860 693)
540 1773 802 1856 ἀπολογούμενος
849 1773 928 1853 πρὸς
974 1773 1032 1846 τὰς
1066 1771 1237 1854 ἀθετήσεις

171 1899 399 1986 Ἀριστάρχου
422 1905 525 1964 ταῦτα
549 1921 663 1983 φησιν,
688 1900 740 1963 ὅτι
763 1895 886 1973 ’Ἀσιος
907 1901 967 1982 μέν
992 1897 1064 1981 περί
1081 1901 1140 1979 τὴν
1155 1897 1236 1980 μίαν

171 2025 283 2111 πύλην
307 2029 366 2107 τὴν
391 2022 576 2108 ἱππήλατον
602 2025 754 2108 ἐμάχετο,
778 2025 809 2087 οἱ
833 2020 867 2086 δέ
887 2024 959 2103 περὶ
981 2022 1081 2089 αὐτὸν
1095 2023 1166 2106 περί
1180 2024 1237 2098 τὰς

170 2153 287 2235 μικρὰς
311 2149 418 2224 πύλας
444 2143 498 2232 (cs.
517 2164 616 2232 supra
629 2163 702 2231 pag.
717 2140 759 2210 56
773 2142 873 2210 schol.
890 2147 923 2204 B
936 2141 976 2210 ad
990 2139 1112 2208 11339.
1137 2141 1237 2216 Estne

172 2280 313 2360 utraque
348 2279 424 2338 nota
450 2267 563 2335 eodem
589 2265 759 2334 tribuenda
786 2265 976 2356 scriptori?)
1003 2275 1048 2354 τῷ
1074 2269 1108 2334 δὲ
1131 2268 1237 2350 ἄλλος

169 2400 288 2482 μικριίς
320 2391 405 2463 εἶναι
436 2395 542 2471 οὐδεὶς
574 2388 609 2460 εὖ
643 2395 773 2480 φρονῶν
808 2395 971 2462 ἀντείποι·
1002 2398 1073 2472 πῶς
1097 2399 1159 2482 γάρ
1183 2422 1236 2464 το·

171 2525 288 2588 σοίιτον
320 2520 447 2605 πλῆθος
480 2524 514 2589 έν
546 2525 591 2605 τῷ
622 2525 753 2602 φεύγειν
786 2519 841 2585 διὰ
871 2527 948 2606 μιᾶς
981 2525 1101 2608 εἷσηει,·
1134 2524 1170 2587 τὸ
1199 2522 1234 2588 δέ

169 2646 354 2732 ,ἀργαλέου
385 2646 421 2712 δέ
450 2671 488 2728 με
521 2643 647 2712 ταῦτα”
677 2651 767 2712 πάνυ
790 2647 924 2731 μετρίως
947 2651 1045 2732 φησίν
1070 2651 1233 2733 εἰρῆσθαι·

170 2772 302 2857 ἀνδρῶν
319 2774 380 2854 γὰρ
398 2769 645 2854 ἀναιρουμένων
664 2768 848 2852 κατάλογον
874 2771 1005 2850 διεξιὼν
1023 2777 1078 2838 καί
1096 2763 1235 2858 τρόπους

170 2902 238 2963 τῶν
272 2896 470 2980 ἀναιρέσεων
492 2899 558 2960 ’καί
592 2894 707 2976 λόγους
739 2899 805 2964 τῶν
837 2897 1060 2984 ἀναιρούντων
1097 2901 1152 2964 καί
1184 2928 1235 2966 πι·

170 3023 322 3087 πτόντων
348 3023 401 3084 καί
427 3025 652 3106 συμπτώματα
675 3029 732 3104 τῆς
751 3026 849 3109 τύχης
865 3027 921 3088 καί
938 3023 1101 3110 πολυμερῆ
1115 3033 1233 3113 μάχην,

172 3151 303 3222 εἰκότως
328 3147 535 3214 ἐνδείκνυται
564 3147 701 3235 δυσχερῆ
724 3151 783 3229 τὴν
808 3150 931 3215 τούτων
955 3148 1115 3236 διήγησιν.
1139 3151 1175 3216 τό
1199 3151 1233 3218 δέ

170 3273 330 3338 Λαπίθαι
359 3269 583 3353 γελοιότατον*
608 3275 677 3347 πῶς
701 3276 762 3356 γὰρ
785 3271 893 3349 ἄλλως
915 3269 954 3355 ἦν
978 3274 1135 3358 ὀνομάσαι
1159 3279 1234 3354 τούς

172 3403 240 3462 τῶν
264 3400 433 3463 Λαπιθῶν
457 3399 545 3472 υίούς
567 3403 589 3482 ἤ
610 3403 656 3482 τῷ
679 3404 828 3484 πατρικῷ
852 3399 1011 3484 ὀνόματι,·

170 3515 229 3584 Hic
253 3517 384 3584 tandem
408 3517 555 3586 ordiatur
578 3539 649 3586 men
674 3519 864 3608 dispulatio.

215 3642 315 3711 Valde
339 3641 458 3710 minum
484 3643 584 3711 videri
609 3643 758 3725 deberet,
778 3643 811 3712 'si
835 3643 1057 3725 Aristarchus,
1085 3667 1186 3734 quum
1201 3646 1234 3714 in

172 3766 370 3836 Graecorum
404 3778 588 3836 castrorum
613 3767 876 3858 ,descriptionem
902 3768 1128 3837 annotationes
1152 3763 1234 3868 νοοί-

172 3901 263 3982 ροτοι
298 3893 410 3980 quales
442 3893 595 3982 praebeat
627 3893 698 3961 cod.
724 3891 801 3960 Ven.
825 3898 862 3963 A
888 3892 932 3961 nd¹
952 3902 985 3957 A
1006 3890 1088 3973 166,
1114 3891 1178 3961 867
1203 3903 1235 3961 et

174 4021 218 4078 M
235 4013 316 4095 258,
342 4014 429 4082 muri
452 4025 565 4106 pontes
591 4016 719 4085 silentio
744 4017 974 4106 praeteriisset.
999 4017 1112 4105 quue
1124 4017 1233 4086 minus

175 4137 234 4205 hnc
265 4139 305 4207 de
337 4160 371 4207 re
403 4139 485 4206 mihi·
517 4139 648 4229 quidem
673 4141 887 4210 dubitandum
911 4139 1234 4229 videtunqnoniam
