3196 5292
873 687 918 758 12

367 925 428 995 par
451 925 549 994 quarn
575 903 632 993 qui
654 903 732 972 haec
756 902 877 972 scholia
897 902 1061 991 congessit
1074 903 1186 993 plures
1204 904 1437 978 annotationes

365 1047 610 1116 nonnumquam
638 1026 829 1106 connexuit,
855 1037 893 1094 ut
915 1027 1010 1096 docet
1034 1026 1187 1096 Lahrsius
1211 1050 1243 1119 p.
1268 1027 1321 1097 28.

411 1157 451 1218 N
472 1150 547 1220 681.
592 1157 643 1222 ὅτι
680 1161 736 1223 τοῦ
772 1158 900 1241 Λοκροῦ
937 1154 1023 1234 λέγει
1058 1156 1222 1232 Αἴαντος.
1251 1141 1344 1235 οὗτος
1367 1161 1433 1243 γὰρ

365 1279 505 1366 πλησίον
542 1278 692 1347 ἐνεώλκει
726 1286 783 1348 τοῦ
816 1279 1059 1365 Πρωτεσιλάου.
1095 1286 1174 1365 πρὸς
1202 1287 1242 1348 τά
1266 1285 1338 1365 περί
1373 1290 1431 1351 τοῦ

369 1410 596 1488 ναυστάθμου.

413 1523 537 1593 olata.
583 1529 783 1597 α’θετοάνται
815 1532 918 1616 στίχοι
944 1525 1185 1618 ν’-άστερον
1221 1531 1257 1598 δε·
1293 1537 1329 1601 ἐν
1362 1543 1431 1612 τοῖς

367 1655 440 1736 περί
463 1657 519 1719 τοῦ
545 1657 761 1738 ναυστάθμου
774 1651 1009 1737 ,ἀπολογεῖται
1035 1660 1091 1725 τόν
1113 1661 1174 1744 γάρ
1187 1663 1320 1746 ἡνιόχου
1333 1684 1431 1745 φησιν

369 1778 601 1862 ἀπεστράφθαι
636 1781 716 1859 πρὸς
751 1782 788 1845 τό
816 1781 930 1849 πεδίον
970 1787 1024 1848 καί
1049 1787 1123 1857 τούς
1150 1785 1290 1861 ἵππους,
1314 1789 1371 1852 τὸν
1395 1786 1431 1850 δὲ

370 1905 582 1992 παραιβάτην
607 1906 687 1988 πρὸςΙ
711 1907 770 1980 τάς
795 1908 874 1981 ναῦς
898 1907 951 1974 ἐπί
976 1912 1038 1974 τοῦ.
1057 1901 1184 1993 δίφρον,
1206 1911 1263 1975 ίνα
1286 1909 1351 1975 άπὸ
1375 1912 1431 1975 τοῦ

369 2030 442 2096 ἰ’σου
466 2029 602 2112 γένηται
624 2038 645 2114 ἡ
667 2036 765 2116 μάχη.

415 2156 448 2212 Σ
471 2146 524 2216 68.
571 2156 607 2218 τὸ
633 2153 791 2239 ἐπισχερὼ
816 2153 990 2236 ἑκατέρωσε
1016 2151 1155 2222 διίναται
1180 2154 1431 2238 προσδίδοσάαι·

370 2279 426 2344 καί
465 2279 526 2361 γάρ
561 2281 620 2352 τάς
656 2276 826 2363 Νηρείδας
857 2276 988 2346 οἷνιίναι
1020 2282 1110 2358 τάξει
1145 2277 1270 2361 πρέπον
1295 2284 1430 2356 καὶτὰς

371 2407 451 2479 ναῦς
477 2403 560 2480 riarde
585 2403 696 2486 ἐφεξῆς
720 2405 902 2492 τετάχθαι,
930 2409 973 2481 ὡς
998 2409 1033 2472 ἐν
1058 2411 1103 2489 τῷ
1129 2401 1255 2489 (τοῒςΡ)
1279 2405 1429 2488 περὶτοῦ

373 2533 589 2612 ναυστάθμου
613 2528 756 2610 λέγεται.

354 2681 356 2686 ·
413 2648 500 2719 Haeo
528 2658 605 2718 sunt
634 2649 769 2730 scholia,
794 2647 851 2718 ubi
872 2648 1051 2719 Aristarchi
1075 2649 1305 2719 commentatio
1327 2649 1432 2718 nomi-

370 2773 471 2844 natim
506 2773 668 2843 laudatur.
716 2773 798 2842 Sunt
835 2785 948 2844 eontra
981 2785 1014 2843 et
1049 2773 1126 2855 alia,
1163 2795 1247 2863 quae
1273 2793 1314 2842 na
1338 2773 1430 2841 titulo

371 2899 504 2991 quidem
535 2899 661 2979 addito,
694 2899 781 2968 illino
805 2899 901 2967 etiam
926 2898 1084 2987 originem
1108 2899 1243 2978 ducant,
1269 2896 1362 2990 ouius
1386 2895 1430 2964 rei

371 3021 497 3092 collatis
531 3021 619 3093 notis
653 3023 693 3090 ad
727 3023 754 3090 K
787 3023 831 3091 53
866 3033 898 3092 et
931 3022 997 3092 tta
1021 3024 1224 3092 luculentum
1248 3025 1431 3113 exemplum

370 3144 528 3214 habemus
553 3150 587 3210 Γ
610 3143 676 3215 atto
699 3167 736 3214 ac
759 3153 790 3214 Δ
812 3145 878 3215 273
903 3147 975 3236 (qui
994 3167 1149 3216 numerus
1164 3147 1252 3238 apud
1265 3147 1432 3216 Lahrsium

372 3293 403 3362 p.
427 3269 495 3339 225¹
516 3270 580 3359 legi
603 3269 698 3339 debet
721 3291 782 3361 pro
806 3270 903 3361 251),
929 3269 984 3338 uhi
1007 3277 1043 3342 A
1069 3269 1214 3338 exhibet:

417 3397 452 3457 Γ
474 3391 549 3462 230.
595 3400 646 3464 ὅτι
672 3397 851 3482 πλησίονό
874 3396 1059 3483 Ἰδομενεύς
1082 3380 1312 3476 Αίαντσετοῦ
1333 3385 1435 3466 Tria·

372 3525 494 3608 μωνίου
519 3525 668 3590 ἐτάσσετο
695 3519 823 3608 (inserit
846 3525 902 3590 καί
927 3518 1095 3609 Lehrsius)
1121 3527 1205 3590 κατὰ
1230 3528 1289 3606 τὴν
1314 3527 1436 3590 ε’πιιτὼ·

374 3649 469 3735 ληοιν
507 3652 696 3734 συμφώνως.
731 3649 953 3734 παραιτητέον
988 3654 1054 3732 ἄρα
1087 3652 1213 3732 ἐκεῖνον
1244 3651 1301 3714 τὸν
1326 3651 1436 3734 στίχον

362 3777 431 3854 ,τὸν
456 3777 490 3842 ἐν
513 3779 558 3858 τῷ
582 3774 753 3859 καταλόγῳ
775 3776 837 3840 ὑπὸ
849 3800 948 3841 τινων
961 3780 1162 3858 μεασόμενον
1175 3783 1290 3856 ,στῆσε
1305 3768 1333 3839 δ’
1346 3779 1437 3855 ἄγων

374 3895 424 3968 i'r'
448 3899 649 3986 Ἀθηναίων
674 3903 809 3966 ίσταντο
833 3898 1015 3982 φάλαγγες”
1040 3897 1089 3981 (Β
1108 3894 1207 3982 558)·
1233 3897 1270 3964 οὐ
1283 3895 1437 3983 μάρῆσαν

381 4025 520 4113 πλησίον
543 4025 694 4101 Αίαντος
720 4021 907 4109 Ἀθηναῖοι
942 4030 974 4086 et

422 4151 450 4211 A
477 4143 552 4214 973.
598 4151 649 4212 ὃτι
684 4154 704 4228 η’
739 4149 829 4225 τάξις
866 4145 1233 4233 Ἰδομενίωςπλησίον
1268 4147 1441 4225 Αίαντος,
