3162 5294
172 875 230 937 καὶ

305 993 409 1062 Ἰλίου
433 1002 638 1082 προπάροιθε
663 995 799 1064 πνλάιον
823 1023 858 1063 τε
882 1003 1040 1068 Σκαιάων

170 1125 228 1186 καὶ

236 1245 310 1312 ἀλλ’
334 1249 409 1314 ὅσον
435 1251 467 1326 ἐς
490 1254 617 1324 Σκαιάς
643 1274 676 1314 τε
701 1246 810 1322 πύλας
834 1249 887 1314 καλ
913 1251 1015 1332 φηγὸν
1038 1253 1167 1318 ἵκανεν·

169 1383 190 1460 ἡ
217 1373 252 1440 δὲ
278 1373 351 1459 δρῦς
375 1377 436 1458 πρὸ
462 1367 526 1457 τῆς
542 1370 646 1441 Ἰλίου
669 1369 748 1457 ἦν»,
773 1369 812 1438 de
837 1367 956 1460 quibus
981 1371 1105 1440 ultimis
1131 1371 1236 1440 verbis

167 1495 252 1564 inira
276 1517 348 1586 pag.
373 1494 416 1564 85
441 1494 521 1564 milri
544 1494 770 1565 disserendum
794 1495 867 1563 erit.

216 1622 259 1691 Ul
281 1621 346 1690 iam
360 1642 470 1712 supra
483 1620 641 1701 vidimus,
658 1619 866 1690 Aristarchus
879 1620 912 1688 in
925 1631 1112 1690 castrorum
1124 1632 1236 1711 porm-

165 1769 246 1827 rum
284 1766 421 1816 numeru
457 1745 650 1816 illustrando
686 1745 798 1814 eudem
834 1745 930 1835 plane
964 1745 1014 1814 via
1047 1767 1084 1815 uc
1111 1745 1236 1815 ratione

169 1874 330 1956 ostendit,
356 1895 488 1943 murum
512 1893 610 1942 unam
635 1882 763 1940 lantum
785 1869 940 1947 habuisse
965 1880 1105 1960 portem.
1138 1870 1237 1960 Alqui

168 2021 211 2070 ex
248 1999 348 2068 schol.
371 2001 410 2066 'll
434 1998 474 2067 ad
499 2006 532 2062 A
554 1996 620 2065 166
653 2006 859 2087 compertum
895 1994 1072 2077 habemus,
1105 2016 1180 2064 eum
1203 1995 1237 2064 in

170 2125 391 2217 disputatione
416 2124 455 2193 de
479 2123 647 2193 navalibus
671 2143 787 2212 agrum
810 2121 985 2191 Troianum
999 2121 1236 2191 nonintaclum

171 2248 354 2339 reliquisse.
402 2245 560 2317 Credibile
586 2268 674 2336 ergo
711 2259 777 2331 est,
816 2249 950 2317 doctum
985 2247 1235 2320 Alexandrinum

171 2377 237 2446 tale
259 2374 353 2466 quid,
379 2375 474 2464 quale
498 2373 682 2464 suspicatus
708 2395 798 2457 sum,
825 2375 987 2466 recepisse
1010 2375 1044 2444 in
1069 2395 1234 2445 commen·

171 2501 329 2571 talionem
351 2505 423 2591 περὶ
448 2509 503 2571 τοῦ
528 2509 753 2589 ναυστάθμου.

216 2626 360 2717 Denique
383 2647 442 2696 nec
465 2625 573 2695 omitti
595 2646 655 2717 par
679 2635 728 2694 est
752 2625 912 2694 scholium
935 2625 1030 2694 hcce:

171 2756 225 2822 ὃτι
261 2756 318 2821 δύο
355 2752 537 2831 διαστάσεις
572 2749 660 2823 οἶδεν
696 2752 840 2842 Ὅμηρος
872 2760 1042 2841 κοσμικὰς,
1066 2753 1233 2840 α’νατσλὴν

171 2887 229 2950 καὶ
266 2867 372 2950 δόσιν·
410 2888 465 2949 καὶ
502 2882 593 2962 δεξιὰ
627 2885 688 2967 μὲν
713 2886 754 2949 τὰ
777 2885 855 2967 πρὸς
878 2878 1060 2986 ἀνατολὰς,
1085 2883 1235 2968 α’ριστερά

159 3013 209 3078 σε’
234 3015 276 3077 τὰ
299 3013 378 3094 πρὸς
404 3010 525 3093 δυσμάς
549 3009 648 3092 λέγει.

217 3133 356 3232 Versus,
393 3133 434 3202 ad
469 3152 553 3222 quos
588 3131 668 3200 haec
703 3140 781 3199 nota
807 3130 841 3199 in
864 3130 987 3198 Veneto
1010 3136 1047 3201 A
1073 3129 1235 3220 adscripta

171 3269 240 3340 cst,
274 3257 448 3327 laudantur
479 3257 512 3325 in
543 3256 666 3326 scholio
699 3255 855 3346 septime,
882 3265 919 3324 ut
942 3266 1100 3344 arguatur
1123 3264 1234 3336 σκαιός

159 3381 412 3474 '(eccideulalis)
449 3382 534 3451 idern
570 3403 641 3451 esse
672 3404 709 3452 ac
733 3386 897 3472 ἀριστερὸς
924 3381 1076 3472 (laevus).
1122 3382 1234 3474 Neque

169 3511 266 3580 aliter
290 3508 440 3578 censebat
458 3508 674 3590 Aristarchus
689 3519 726 3578 ul
739 3529 756 3576 e
770 3507 870 3577 schol.
886 3507 937 3575 ΑΒ
950 3506 991 3574 ud
1004 3505 1071 3574 Xb
1086 3518 1232 3598 apparel.

170 3637 257 3718 Quin
291 3635 387 3705 eliam
422 3633 606 3725 probabile,
643 3634 725 3703 hanc
760 3632 910 3702 vocabuli
932 3640 1043 3714 σκαιός
1067 3631 1234 3701 notionem

170 3761 203 3830 ei
226 3771 419 3850 argumento
441 3759 558 3841 luisse,
580 3781 617 3828 ex
631 3781 697 3850 quc
710 3760 789 3828 haec
802 3759 989 3829 concludat:
1009 3762 1233 3854 „iccipacrrpp

172 3895 234 3958 τοῦ
259 3892 385 3977 τείχους
409 3893 445 3955 αἱ
467 3888 569 3955 πύλαι
593 3891 731 3972 ἔκειντο,
756 3895 793 3955 αἳ
816 3889 993 3958 ἐκαλοῦντο
1017 3888 1234 3977 Δαρδὰνιαι.”

218 4015 352 4084 Constat
375 4033 494 4103 porro,
521 4023 559 4081 ut
583 4012 817 4095 iemvidirnus,
838 4013 1086 4103 grammaticum
1100 4014 1234 4082 Alexan·

173 4141 309 4212 drinurn
340 4150 405 4210 τῶν
429 4146 552 4210 σκαιῶν
565 4143 680 4210 πολῶν
692 4159 812 4208 numen
824 4161 889 4208 non
901 4139 1072 4231 proprium
1084 4138 1236 4209 babuisse
