3196 5292
883 687 928 757 dd

374 914 431 986 τὰς
455 916 632 993 στεφάνας,
654 908 671 971 ὃ
695 911 750 974 καί
777 906 903 992 μᾶλλον
927 912 971 974 ἄν
996 934 1045 982 τις
1069 907 1172 980 εἴποι,
1202 911 1290 987 τινὲς
1315 911 1349 978 δὲ
1385 917 1462 988 τὰς

375 1033 552 1115 κεφαλίδας
584 1039 640 1100 τσῦ
674 1037 819 1120 τείχους,
853 1038 891 1110 ἂς
928 1035 1009 1102 ἔνιοι
1045 1038 1262 1121 προμαχῶνας
1287 1035 1459 1119 λέγουσι,

373 1157 470 1227 ἄλλοι
518 1161 552 1226 δὲ
600 1165 641 1226 τὰ
684 1159 985 1245 α’πσκρηπιδὼματα
1024 1156 1341 1245 (ὖποκρηπιδώματα
1380 1181 1458 1228 seu

375 1286 612 1373 κρηπιδὼματα
636 1283 745 1350 mallet
770 1280 991 1371 Villoisonius)
1018 1286 1072 1350 καί
1096 1291 1156 1370 γὰρ
1174 1287 1455 1370 κρόσσσυςλίγο·

372 1437 432 1495 μεν
456 1414 497 1478 τὰ
521 1418 608 1476 κάτω
631 1413 696 1476 τῶν
722 1412 869 1494 ἱματίων.

418 1532 504 1601 Talia
540 1531 670 1621 quidem
706 1539 782 1600 sunt
818 1551 901 1620 quae
927 1530 1213 1601 inliminehuius
1239 1533 1449 1603 denarium

375 1655 587 1728 collocatione
612 1654 842 1747 disputationis
865 1675 987 1745 ponere
1004 1677 1111 1723 meum
1126 1656 1212 1724 duxi.
1236 1656 1306 1737 Ouo
1320 1657 1448 1727 melius

374 1795 484 1853 autem
519 1781 743 1872 dispiciamus,
780 1781 859 1871 quid
894 1781 953 1849 hac
976 1781 1008 1848 in
1032 1801 1067 1849 re
1090 1781 1276 1850 Aristarcho
1302 1783 1445 1852 reddere

374 1908 557 2000 possimus,
592 1906 703 1997 paullo
738 1905 921 1975 accuratius
957 1907 1064 1975 omnia
1099 1907 1178 1976 haec
1214 1911 1440 1979 examinemus

375 2045 506 2126 sumpto
529 2054 547 2101 a
572 2032 672 2102 schol.
698 2037 732 2097 B
755 2032 796 2100 ad
820 2039 864 2098 M
882 2029 946 2099 258
971 2031 1115 2101 exordio.

417 2160 453 2228 ln
486 2159 549 2227 hoc
584 2157 709 2226 scholio
745 2177 828 2248 quae
862 2157 1017 2245 leguntur
1051 2157 1125 2225 inde
1159 2156 1199 2226 ab
1230 2164 1287 2229 οὐκ
1313 2167 1372 2229 εἰσὶ
1398 2163 1433 2229 δὲ

374 2295 502 2378 optma:
538 2290 574 2353 at
608 2285 761 2370 κλίμακες
799 2280 898 2370 (idem
932 2291 1024 2349 notat
1057 2280 1149 2348 Eust.
1181 2278 1255 2348 903.
1280 2281 1338 2372 ll)
1365 2302 1432 2350 non

373 2433 446 2482 esse
473 2409 692 2489 Aristarchea‚
717 2405 891 2497 unicuique
914 2416 1047 2497 apparet
1055 2429 1064 2490 ;
1089 2406 1145 2474 scd
1170 2406 1209 2474 de
1233 2407 1348 2475 ceteris
1371 2417 1431 2475 aut

373 2536 482 2607 omnia
515 2556 567 2605 me
602 2535 716 2603 fallunt
751 2544 808 2601 aut
842 2530 971 2599 initium
1008 2530 1119 2602 scholii
1154 2531 1246 2599 locus
1282 2531 1430 2621 estqui,

372 2661 447 2730 licet
469 2660 583 2730 leviter
605 2667 769 2739 mutatus,
795 2657 872 2726 olim
899 2666 1005 2724 tamen
1025 2656 1057 2724 in
1077 2656 1186 2725 libello
1207 2657 1246 2725 de
1265 2657 1432 2726 navalibus

372 2784 604 2856 inveniebatur.
639 2781 765 2851 Etenim
785 2781 894 2872 priore
913 2781 1062 2850 vocabuli
1082 2793 1212 2871 κρόσσαι
1231 2781 1431 2873 expositione

372 2910 505 2991 reiecta,
529 2917 642 2998 postea
666 2905 853 2997 etquidem
878 2911 912 2979 ἐν
937 2916 1101 2998 τοῖςπερὶ
1126 2920 1182 2979 τοῦ
1204 2918 1428 2998 ναυστάθμου,

347 3045 410 3112 ut
443 3057 462 3103 a
495 3033 617 3102 Veneto
652 3037 689 3104 A
719 3033 868 3101 adhunc
891 3035 1000 3103 locum
1024 3047 1231 3125 compertum
1254 3035 1427 3116 habemus,

371 3157 521 3249 probavit
540 3156 746 3226 Aristarchus
768 3168 916 3250 κρόσσας
938 3158 1111 3249 significari
1128 3163 1239 3231 scalas.
1264 3162 1427 3231 Praeterea

371 3283 462 3373 prior
484 3292 580 3351 notae
604 3282 839 3375 Porphyrianae
859 3307 937 3375 pars
962 3287 1041 3355 adeo
1067 3288 1205 3378 speciem
1227 3289 1289 3358 loci
1308 3288 1427 3358 laudati

372 3429 450 3498 prae
482 3429 517 3477 se
548 3408 627 3489 lert,
655 3420 692 3476 ut
715 3429 786 3478 earn
811 3411 1092 3481 commentationis
1115 3413 1427 3504 perditao'particu-

372 3531 437 3600 lam
459 3531 559 3599 fuisse
582 3551 776 3621 persuasum
799 3533 877 3602 mihi
900 3534 1045 3605 habeam.

416 3658 461 3726 lle
475 3713 478 3720 .
492 3656 624 3726 minime
648 3679 724 3727 sane
747 3658 826 3727 haec
850 3660 1026 3750 disputatio
1051 3683 1149 3752 quarn
1172 3662 1349 3753 Porphyrio
1374 3662 1427 3731 de·

371 3779 504 3863 bemus,
530 3780 647 3851 rationi
671 3783 803 3852 adversa
823 3804 896 3854 esse
916 3786 1053 3857 videtur.
1077 3787 1198 3880 Nempe
1217 3811 1319 3880 quum
1342 3788 1427 3858 llris·

297 3976 303 3982 ,
372 3905 503 3973 tarohus
523 3884 590 3974 non
609 3907 748 3996 amplius
768 3908 919 3979 insemel
939 3923 1094 4003 concepta
1113 3915 1152 3983 de
1164 3914 1427 4006 interpretatione

372 4041 535 4122 apocalama
559 4031 710 4122 opinione
732 4055 939 4125 perseverare
962 4049 1088 4127 posset,
1112 4040 1322 4129 grammatico
1341 4041 1427 4130 geni-

373 4155 457 4227 tivus
491 4165 621 4247 πυργων
657 4159 838 4228 necessario
875 4161 985 4230 debuit
1012 4163 1161 4233 exhibere
1186 4165 1426 4248 difficultatem,
