3196 5292
895 660 941 730 34

387 896 462 944 rum
492 895 530 944 ex
560 894 639 963 agro
670 874 809 944 Troiano
840 884 1001 966 spectata,
1035 875 1173 944 sormam
1202 896 1272 950 non
1297 887 1475 967 poteraut

387 999 509 1067 relerre
533 997 661 1066 theatri.

431 1121 544 1211 Neque
574 1121 763 1191 Aristarcho
790 1142 850 1191 nec
873 1120 1018 1212 Hespero
1042 1122 1233 1192 adversatur
1257 1123 1474 1192 Ribbeckius

389 1246 446 1336 qui
478 1246 510 1314 in
541 1257 657 1316 octavo
686 1245 844 1335 Philologi
870 1246 1042 1316 Volumina
1066 1268 1099 1337 p.
1125 1246 1186 1315 [All
1215 1269 1287 1338 sqq.
1313 1248 1475 1316 miratur

388 1392 464 1439 oum
499 1371 589 1460 quod
623 1370 765 1440 llochius
797 1370 909 1439 Philol.
934 1371 989 1439 Vll
1011 1393 1044 1462 p.
1067 1371 1090 1438 li
1113 1371 1152 1441 de
1177 1371 1312 1461 singulis
1331 1371 1476 1441 ordini-

388 1497 451 1566 bus
475 1497 624 1588 loquitur
638 1497 807 1566 intervallo
825 1495 903 1566 satis
918 1497 1017 1584 longo
1034 1495 1249 1578 distantibus,
1275 1507 1345 1566 tum
1361 1495 1473 1585 quod

388 1621 615 1690 Friedlaender
642 1620 681 1690 ad
706 1620 927 1690 Aristonicum
952 1618 1064 1688 0655
1084 1620 1141 1690 ait:
1165 1631 1320 1711 «apparet
1340 1621 1470 1710 plures

386 1746 519 1816 narium
544 1746 673 1816 ordines
697 1747 814 1828 luisse,
841 1767 906 1816 non
930 1745 1045 1814 duos.»

432 1871 606 1941 Aristonici
629 1881 705 1940 nota
729 1871 770 1940 ad
793 1872 823 1940 Ξ
847 1869 885 1938 31
913 1870 946 1938 in
969 1866 1092 1937 Veneto
1114 1879 1151 1940 B
1175 1867 1256 1937 haec
1278 1876 1347 1936 est:

385 2002 437 2067 ὃτι
461 1998 518 2068 οὐκ
541 2002 575 2068 ἓν
601 1999 745 2088 διστιχίᾳ
773 1996 869 2084 ἦσαν,
901 1995 944 2075 ὣς
969 2022 1046 2085 φησι
1069 2000 1215 2084 Κράτης·
1245 1991 1353 2080 (euius
1374 1983 1468 2060 ⁴setl-

388 2121 541 2203 tentiam,
575 2132 614 2190 ut
638 2121 691 2189 hic
720 2120 842 2188 Lehrsii
865 2142 899 2210 p.
921 2118 986 2187 225
1009 2118 1105 2188 verba
1130 2118 1288 2198 inseram,
1313 2117 1468 2186 Aristar-

388 2246 467 2314 chus
481 2245 552 2314 iure
573 2244 684 2314 reiecit
697 2244 753 2334 qui
764 2265 861 2314 naves
875 2266 941 2314 uno
957 2242 1189 2314 semicirculari
1201 2243 1316 2312 ordnie
1328 2243 1462 2334 positas

388 2368 489 2438 luisse
521 2368 652 2458 sumsit)
679 2368 747 2439 εἶπε
771 2376 891 2458 γὰρᾶν
911 2373 1070 2458 προτέρας
1095 2376 1348 2459 conmunionis
1375 2374 1462 2460 ἒχώ·

387 2521 489 2583 ρησαι
503 2501 557 2564 aul
571 2499 700 2586 ἀνάγκῃ
714 2502 780 2566 τῶν
794 2493 967 2585 πρωτέων”
983 2497 1023 2581 (O
1035 2493 1126 2584 656).
1151 2499 1219 2567 ἔστι
1242 2500 1310 2566 did
1325 2502 1461 2586 πρῶτος

388 2627 463 2689 τῶν
480 2627 559 2707 πρὸς
586 2648 636 2700 τι,
661 2625 716 2689 καὶ
742 2626 800 2687 εἶσὶ
834 2628 960 2708 πρῶται
984 2625 1044 2693 uic
1069 2624 1105 2690 ni
1127 2627 1205 2710 πρὸς
1229 2635 1268 2710 τῇ
1302 2623 1457 2710 θαλάσσῃ

387 2744 648 2834 νενεωλκημένα
665 2744 751 2834 (ἑξῆς
764 2754 842 2828 γοῦν
855 2783 902 2796 --
913 2742 956 2812 75
969 2783 1012 2797 -
1024 2774 1101 2837 φησι
1115 2758 1211 2834 ‚milae
1229 2753 1303 2817 ὅσαι
1324 2752 1457 2835 πρῶται

386 2877 531 2960 cindatos
554 2879 633 2961 ἄγχι
658 2870 882 2961 θαλάσσης”),
899 2876 1035 2961 ἔσχαται
1060 2874 1095 2941 δὲ
1119 2878 1156 2940 αι’
1177 2877 1257 2963 πρὸς
1281 2881 1326 2961 τῷ
1341 2876 1457 2962 τείχει.

386 2999 422 3063 αἱ
457 2997 492 3064 dd
530 3003 586 3065 τοῦ
622 2994 876 3084 Ἀγαμέμνονος
907 3006 980 3082 νῆες
1004 3007 1107 3067 πᾶσαι
1135 3003 1213 3087 πρὸς
1237 3007 1279 3086 τῇ
1300 3000 1456 3087 θαλάσσῃ

385 3121 481 3208 ἦσαν,
508 3127 552 3200 ὣς
576 3130 642 3192 πού
663 3149 760 3212 φησιν
784 3130 803 3192 o‘
822 3125 985 3210 Διομήδης
1019 3134 1113 3209 „oiim
1137 3125 1173 3191 δέ
1197 3148 1247 3194 τοι
1278 3130 1358 3212 ἄγχι
1393 3135 1458 3192 oa·

388 3247 526 3335 λάσσης”
551 3248 587 3333 (I
607 3245 677 3336 lid).
696 3253 732 3316 τὸ
766 3250 800 3317 δὲ
825 3259 1009 3339 πρυμνῇσιν
1029 3249 1104 3320 ἀντὶ
1129 3259 1185 3320 τσῦ
1210 3256 1373 3341 ἐσχάταις.

438 3371 560 3453 «Num,
584 3371 700 3440 sinon
724 3371 807 3442 duos
830 3371 952 3440 idcirco
975 3374 1088 3463 plures
1112 3374 1242 3444 ordines
1265 3395 1362 3444 naves
1376 3395 1456 3443 con-

390 3495 593 3566 stituebantl
622 3496 788 3579 Minime»,
814 3498 991 3588 respondet
1013 3498 1225 3568 Ribbeckius:
1253 3509 1343 3568 cerat
1367 3520 1455 3568 unus

391 3621 472 3689 ordo
493 3621 589 3710 isque
609 3621 874 3704 semicirculum,
899 3623 988 3712 quod
1008 3624 1196 3715 planissime
1208 3633 1364 3693 testatum
1378 3623 1456 3693 lacit

390 3745 594 3814 Aristonicus
619 3747 659 3816 ad
681 3746 713 3817 Ξ
737 3745 780 3814 35
807 3747 854 3837 (in
877 3747 1000 3816 Veneto
1022 3749 1097 3838 At.»

432 3869 477 3938 Ea
510 3891 608 3958 quam
639 3871 738 3939 modo
769 3870 915 3962 excerpsi
946 3872 1060 3941 scholii
1091 3894 1185 3964 pars,
1217 3884 1256 3943 ut
1283 3874 1377 3944 codd.
1401 3875 1455 3943 VL

388 3994 524 4075 docent,
549 4005 626 4064 nota
651 4005 701 4063 ost
723 3995 974 4064 Antochthonis.
999 3996 1153 4087 Reliquae
1175 3997 1453 4068 enimhuecsunt:

387 4126 405 4186 6
429 4124 473 4188 di·
488 4124 683 4208 Ἡρακλέων
709 4131 767 4192 νῦν
789 4129 849 4209 μὲν
874 4125 930 4202 τὰς
953 4128 1032 4210 πρὸς
1057 4132 1102 4211 τῷ
1127 4127 1224 4212 τείχει
1249 4129 1303 4191 καὶ
1317 4131 1450 4210 πρώτας
