3196 5292
671 699 713 770 tr

252 921 322 989 ἀλλ’
357 924 405 990 ἔτι
442 931 547 1004 κεῖνος
584 929 687 988 κεῖται
719 917 899 1007 Ἀχιλλῆος
934 925 1022 1007 παρὰ
1054 923 1107 1007 νηί

251 1051 354 1124 οὕτως
377 1052 412 1114 ἐν
437 1046 575 1136 κλισίῃσι

208 1181 243 1239 Β
265 1169 393 1237 exhibet
417 1179 451 1240 ἐν
476 1168 630 1258 κλισίῃσι)
656 1175 690 1240 ἐν
715 1179 759 1258 τῷ
785 1173 945 1260 περιβόλῳ
973 1181 1026 1240 τοῦ
1053 1179 1220 1241 ναυστάθ-

161 1327 235 1384 μου.
280 1296 448 1364 Eiusmodi
471 1295 592 1364 scholia
616 1275 693 1365 dlias
717 1316 848 1386 quoque
872 1295 1010 1386 repperi.

206 1425 255 1494 Ad
278 1439 313 1495 Ψ
337 1423 374 1491 2:

207 1557 248 1634 ὥς
272 1561 304 1622 σί
325 1561 384 1638 μὲν
409 1561 603 1640 στενάχοντο
629 1557 712 1619 κατὰ
737 1550 867 1618 πτόλιν·
894 1551 996 1636 αὐτὰρ
1022 1552 1161 1638 Ἀχαιοί

207 1683 318 1764 ἐπειδὴ
344 1688 421 1764 νῆάς
443 1707 475 1746 τι
501 1682 554 1745 καὶ
580 1679 825 1762 Ἑλλήσποντον
848 1681 959 1772 ἵκοντο

207 1810 280 1875 ΑΒ
315 1787 452 1871 affernnt
497 1813 575 1888 νῆας
612 1809 667 1871 τόν
711 1809 811 1869 τόπον
849 1807 997 1870 ἐνταῦθα
1034 1811 1099 1868 τῶν
1131 1807 1218 1884 νηῶν

163 1935 247 2017 λέγει
273 1941 305 1998 et
328 1929 369 1997 ad
392 1927 537 1996 eiusdem
561 1925 634 1994 libri
658 1947 703 2007 vo.
728 1923 808 2007 259,
834 1925 890 1992 ubi

161 2075 319 2138 „munera
360 2051 519 2142 principio
561 2061 634 2118 onte
670 2051 803 2131 oculos,
841 2049 992 2140 circoque
1026 2051 1176 2119 locantur

162 2180 195 2247 in
219 2177 357 2260 medi0’',

162 2326 245 2396 quae
268 2308 376 2376 ἄεθλα
400 2303 538 2372 Achilles
562 2311 650 2390 νηῶν
676 2305 820 2391 ἐξέφερε,
838 2300 870 2368 in
889 2301 1010 2369 Veneto
1026 2311 1060 2372 B
1076 2302 1116 2370 ad
1129 2310 1217 2392 νηῶν

161 2431 245 2500 hano
267 2443 378 2499 notam
402 2431 556 2518 legimus:
581 2439 635 2499 τοῦ
661 2437 774 2498 τόπου·
793 2433 878 2499 ἔνθα
902 2428 996 2515 ἦσαν·
1021 2435 1056 2499 ἐν
1080 2432 1217 2518 νεωλκη-

162 2559 255 2648 dolon
280 2566 340 2660 κὰρ
365 2562 423 2647 νηί·
442 2557 537 2647 οὐδὲν
563 2562 711 2636 τίθεται,
737 2558 809 2624 οὐδὲ
835 2557 994 2646 διατρίβει
1012 2585 1060 2637 τις
1074 2561 1217 2646 ἐναύτῇ·

163 2713 239 2774 φησι
265 2695 344 2770 γοῦν
368 2687 552 2769 ,ῥοῖσέμεναι
567 2681 772 2768 κλισίηθεν.”
807 2680 899 2749 Haud
914 2681 1220 2754 aliteanentzerus

161 2811 194 2879 in
219 2831 277 2878 sna
300 2807 405 2877 Iliadis
430 2807 569 2876 editione
592 2806 745 2897 explieat:
766 2817 889 2899 ,,νηῶν,
911 2811 1043 2900 proprie
1059 2814 1216 2902 κλισίης.”

161 2937 206 3006 Cf.
232 2943 262 3000 Τ
284 2933 358 3006 360.

206 3062 269 3131 Has
299 3081 375 3130 vero
407 3059 647 3129 observationes
679 3081 745 3128 non
769 3061 960 3131 crediderim
984 3063 1024 3131 ab
1048 3063 1220 3133 Aristonici

159 3211 261 3259 monu
279 3189 441 3278 profectos
466 3207 547 3255 esse.
582 3185 749 3255 Praeterea
762 3187 863 3276 magis
876 3188 1093 3282 annotationis
1106 3211 1219 3280 exege-

161 3315 243 3384 tiene
255 3327 261 3362 '·
273 3313 419 3383 versibus
451 3310 555 3380 citatis
586 3311 793 3394 submonte,
826 3334 924 3401 quom
957 3313 1019 3382 loci
1043 3336 1081 3382 ex
1105 3307 1240 3406 aliqna'

160 3430 434 3509 commentatione
456 3437 565 3506 hausti
588 3437 728 3528 speciem
751 3459 828 3529 prae
853 3460 886 3508 se
909 3440 1028 3510 serunt.

205 3564 266 3634 Sed
301 3563 363 3631 iam
399 3561 476 3631 sotis
511 3563 550 3630 de
584 3563 723 3632 nomine.
771 3564 862 3634 Nunc
896 3588 972 3636 vero
1009 3568 1048 3638 de
1079 3591 1114 3639 ro
1147 3572 1217 3664 ipsa

160 3691 325 3760 videamus
349 3688 542 3780 quidnobis
568 3690 776 3758 statuendum
802 3690 853 3758 sit.
