3162 5294
636 681 680 752 85

138 906 272 970 τίθεται·
317 906 379 989 πρὸ
421 901 542 970 πολλοῦ
577 902 611 968 δὲ
645 905 664 965 o‘
699 899 877 970 Ἀπόλλων
915 904 1002 968 ἐστὶν
1044 903 1097 968 ἐπὶ
1132 909 1188 985 τῆς

136 1033 322 1113 Περγάμου,

137 1149 220 1238 quod
253 1149 413 1218 scholium
448 1169 522 1218 cum
554 1149 694 1219 formam
727 1145 910 1218 universam
943 1148 971 1218 si
1002 1160 1188 1240 spectamus

136 1283 202 1344 tum
223 1275 317 1344 rerba
340 1276 426 1366 ipsa,
452 1273 590 1346 maxime
612 1274 694 1344 illud
717 1281 932 1356 ὑποτίθεται,
959 1274 1085 1345 curniis
1100 1275 1186 1346 notis

135 1402 308 1494 conspirat,
334 1423 417 1493 qnae
441 1402 474 1470 in
498 1401 613 1471 eodem
627 1398 989 1498 codireadAiiettiOi
1007 1399 1188 1491 adscriptae

135 1539 220 1610 sunt,
244 1527 301 1598 ubi
323 1527 409 1619 diple
432 1528 580 1618 apposita
602 1532 741 1617 θεῑπρὸς
755 1535 794 1599 τὰ
807 1535 878 1617 περὶ
894 1532 948 1597 τοῦ
963 1536 1186 1615 ναυστάθμου.

134 1649 239 1742 ltaque
262 1651 431 1736 credibile,
457 1652 557 1721 schol.
583 1652 619 1718 A
638 1651 1188 1724 111111111106011111161111110116

132 1789 315 1869 excerptum
338 1778 448 1848 fuisse.
472 1778 577 1859 Quare
601 1779 790 1848 concinnius
814 1779 846 1848 in
870 1778 934 1850 fine
957 1800 1089 1862 eorum,
1104 1800 1188 1871 quae

132 1905 148 1994 ἓ
171 1903 188 1976 9
209 1927 282 1996 pag.
307 1905 350 1975 83
378 1904 514 1987 conieci,
535 1917 646 1993 nonp‘
676 1909 710 1978 δὲ
743 1909 817 1994 δρῦς
848 1912 909 1997 πρὸ
935 1915 990 1992 τῆς
1016 1908 1121 1977 Ἰλίου
1145 1909 1185 1995 ἦν

133 2032 345 2124 supplerem&
376 2033 434 2102 sed
456 2039 518 2122 πρὸ
542 2036 607 2103 τῶν
632 2033 745 2103 nator
768 2039 828 2118 τὴν
853 2037 957 2121 φηγόν
980 2036 1185 2111 ὑποτίθεται,

133 2179 212 2248 quae
233 2158 349 2230 melius
373 2159 469 2230 etiam
494 2159 528 2229 in
551 2158 698 2250 proxima
723 2158 894 2249 quadrant.

35 2359 36 2370 ¹
174 2285 255 2356 Finis
279 2295 390 2355 autem
413 2285 527 2356 scholii
548 2287 584 2351 A
610 2284 649 2353 ad
674 2290 712 2350 H
732 2283 788 2365 11,
813 2283 846 2352 ni
871 2283 981 2366 failor,
998 2280 1184 2352 Aristarcho

35 2403 36 2444 ³
131 2425 265 2486 nonest
287 2413 530 2484 adiudicandus.
554 2411 679 2482 Etenim
703 2431 770 2480 non
793 2410 834 2479 ab
857 2409 970 2479 eadem
994 2407 1183 2476 manuhaec

130 2550 203 2608 nota
236 2540 382 2630 prosecta
412 2559 484 2608 esse
517 2538 646 2607 ridetur
681 2547 779 2627 atque
806 2536 941 2626 insuper
964 2533 1183 2625 suspicionem

129 2676 233 2733 movet
254 2663 413 2755 particula
437 2667 490 2747 δὲ,
515 2685 574 2755 per
594 2685 692 2755 quarn
705 2662 761 2755 qni
772 2663 852 2733 haec
864 2661 986 2734 scholia
999 2660 1181 2751 congessit,

36 2851 38 2884 ÷
128 2808 370 2880 nonnumquam
392 2790 503 2880 plures
527 2789 752 2860 annotationes
773 2788 964 2871 connexuit,
979 2799 1016 2857 ut
1030 2788 1182 2858 admonet
1254 2851 1256 2858 Α

130 2913 276 2986 Lehrsius
299 2936 331 3005 p.
356 2913 408 2985 18.

170 3037 255 3107 idem
285 3038 333 3108 vir
357 3039 473 3110 doctus
497 3060 529 3130 p.
555 3039 619 3108 116
643 3040 719 3110 huic
743 3041 866 3112 scholio
892 3041 1022 3132 signum
1042 3041 1182 3110 interro·

128 3164 220 3252 gandi
242 3165 411 3256 apposuit,
436 3165 485 3234 uti
509 3164 671 3256 suspicor,
696 3179 833 3258 propter
855 3166 951 3238 verba
975 3171 1036 3256 πρὸ
1048 3170 1180 3250 πολλοῦ,

128 3309 206 3377 quae
235 3290 322 3358 haud
350 3289 417 3359 scio
441 3310 482 3358 an
504 3310 542 3360 es
566 3290 706 3361 absurda
731 3293 934 3364 correctione
956 3295 1059 3363 malae
1083 3294 1181 3363 ditto-

129 3416 274 3507 graphiae
298 3424 360 3507 πρὸ
388 3417 483 3508 (τῶν)
509 3421 624 3490 πυλῶν
648 3429 722 3487 nata
746 3419 875 3487 suerint.
898 3417 1180 3493 ⁴Emendationem

128 3514 231 3610 tamen
262 3560 447 3632 proponere
480 3563 547 3613 non
580 3542 695 3614 ausim.
741 3545 883 3614 Venetus
919 3546 943 3613 B
977 3545 1017 3615 ad
1041 3545 1180 3616 eundem

128 3666 231 3738 locum
255 3667 399 3738 exhibet:

39 3827 41 3868 t
128 3794 172 3861 ὅτι
198 3793 292 3874 αὐτὸς
317 3804 479 3882 Περγάμῳ
502 3805 586 3887 ἄκρῃ
616 3803 755 3885 ἐφίζετο·
783 3807 964 3889 παρατηρεῒ
984 3798 1042 3890 γὰρ
1064 3809 1106 3887 μή
1131 3829 1179 3878 τις

130 3926 212 3988 θεῶν
237 3923 393 4005 ἐπίθηται
417 3924 554 4010 Τρωσίν.

164 4042 318 4133 Sequitur
352 4045 453 4114 schol.
489 4049 525 4112 A
561 4048 601 4116 ad
637 4058 671 4115 A
705 4047 786 4136 166,
826 4050 882 4121 ubi
905 4051 945 4120 de
970 4051 1114 4122 Troianis
1138 4051 1178 4120 ab

130 4165 363 4255 Agamemnone
386 4171 506 4260 sugatis
529 4172 660 4244 dicitur:
