3196 5292
869 1017 940 1108 §a

729 1269 777 1338 De
799 1276 980 1338 castrorum
1003 1270 1079 1338 situ.

418 1524 522 1592 Pauca
557 1521 635 1590 mihi
668 1520 721 1589 hic
754 1520 894 1590 notanda
928 1519 1088 1588 videntur.
1134 1517 1322 1587 Aristarcho
1353 1539 1434 1586 num

376 1646 585 1716 tribuendum
610 1645 651 1714 sit
675 1643 806 1726 dubito,
831 1645 920 1736 qnod
944 1644 1094 1714 observat
1117 1643 1223 1713 SchoI.
1243 1643 1273 1711 B
1291 1644 1333 1712 ad
1352 1643 1436 1716 nto

506 1779 627 1852 ἵππους
649 1774 678 1840 δ’
692 1774 845 1854 ἐξελάσας
865 1777 1057 1860 μεγαθύμου
1081 1773 1205 1852 Τυδέος
1233 1773 1300 1852 υἱός

506 1901 610 1970 δῶκεν
634 1904 810 1985 ἑταίροισιν
834 1907 990 1981 κατάγειν
1014 1901 1125 1980 κοίλας
1150 1904 1202 1968 tut
1229 1907 1308 1984 νῆας

374 2025 543 2114 κατάγειν)
576 2030 794 2110 ἐν’ταιτειυῷ
831 2029 891 2114 γὰρ
925 2028 961 2095 τό
987 2031 1212 2115 ναιίσταόμου,
1234 2037 1256 2114 ἡ
1280 2029 1314 2096 de*
1340 2029 1435 2104 πόλις

284 2175 287 2180 ·
373 2156 566 2237 ἠνεμόεσσα,
591 2148 710 2239 quihus
734 2148 840 2218 verbis
872 2148 950 2217 nihil
973 2149 1158 2219 continetur
1180 2149 1243 2218 nisi
1266 2149 1436 2242 explicatio

375 2273 625 2364 praepositionis
661 2285 755 2345 κατά.
801 2273 847 2343 CI.
870 2294 954 2365 quae
989 2273 1070 2344 inira
1106 2275 1280 2367 disputabo
1312 2275 1436 2366 §Ide

378 2397 479 2466 schol.
504 2397 533 2467 B
556 2398 596 2466 ad
618 2401 650 2474 Ξ
674 2398 730 2468 28.
826 2464 829 2469 .

359 2605 360 2610 γ
420 2524 502 2592 Item
525 2523 710 2594 Aristarcho
734 2524 944 2594 abiudicanda
969 2535 1019 2594 est
1041 2525 1239 2595 naustathmi
1259 2525 1433 2617 descriptio

375 2669 473 2741 quam
507 2647 623 2718 Strabo
658 2648 739 2718 XIII.
774 2650 804 2719 t.
839 2649 882 2718 36
917 2672 935 2719 a
965 2650 1127 2720 Demetrio
1160 2652 1291 2743 Scepsio
1315 2653 1433 2743 partim

376 2783 557 2842 mutuatur.
604 2773 729 2843 Etenim
758 2773 802 2842 ibi
832 2775 1055 2868 geographum
1078 2777 1245 2860 audimus,
1270 2798 1337 2848 non
1359 2800 1435 2848 uero

376 2897 526 2966 criticum
560 2897 828 2981 Alexandrinum,
865 2900 963 2969 cuins'
993 2902 1122 2972 scholae
1158 2903 1247 2986 nihil,
1266 2925 1303 2974 ex
1327 2927 1436 2976 recen-

375 3023 514 3092 tioribus
535 3023 712 3093 admiscere
733 3026 866 3116 solaque
886 3026 1017 3096 Homeri
1037 3028 1133 3097 verba
1153 3029 1245 3118 sequi
1264 3051 1336 3099 mos
1357 3041 1435 3100 erat.

420 3151 469 3219 Ad
488 3150 570 3220 hanc
583 3149 680 3219 etiam
697 3150 937 3243 paragraphum
953 3152 1094 3242 pertinet
1106 3153 1195 3244 quod
1206 3157 1239 3231 Ξ
1251 3152 1295 3222 36
1308 3154 1436 3244 legitur,

848 3279 975 3364 πλῆσαν
1002 3277 1084 3366 (scil.
1109 3279 1195 3368 νῆες’)
1221 3287 1348 3371 ἁπάσης

466 3409 574 3488 ἠιόνος
599 3407 700 3490 στόμα
723 3411 857 3492 μακρόν,
881 3409 957 3474 ὅσον
982 3407 1204 3493 συνεέργαθον
1229 3415 1348 3497 ἄκραι,

423 3528 584 3618 adquam
608 3530 717 3597 locum
741 3529 772 3597 in
796 3529 918 3598 Veneto
942 3532 978 3597 A
1003 3530 1204 3622 adscriptum
1228 3543 1278 3602 ast
1381 3581 1384 3590 .

378 3656 453 3724 όσον
478 3655 517 3741 ἦν
543 3657 722 3746 διάστημα,
757 3661 831 3726 ὅσον
866 3658 1053 3727 συνέκλειον
1080 3664 1134 3726 καί
1160 3660 1378 3747 συνεόίσμουν
1404 3664 1439 3727 αί

377 3791 433 3850 τοῦ
457 3782 706 3870 Ἑλλησπόντου
728 3787 848 3871 ἄκραι,
871 3787 907 3851 τό
928 3787 1093 3852 Ῥοίτειον
1120 3791 1175 3852 καί
1199 3790 1235 3852 τό
1260 3789 1397 3867 Σίγειον

422 3914 520 3996 atque
554 3906 588 3974 in
622 3906 732 3975 codice
755 3907 784 3973 Β
808 3911 862 3976 διὰ
895 3913 931 3975 τό
967 3911 1053 3998 ἔχειν
1079 3915 1114 3980 ἐν
1140 3912 1228 4000 αὐτῷ
1266 3913 1440 4000 κοιλότητα

379 4037 456 4124 πρὸς
481 4040 516 4103 τό
540 4038 806 4124 καόσρμίζεσθαι
845 4040 902 4114 τός
941 4039 1019 4112 ναῦς
1044 4031 1142 4124 (quae
1164 4044 1240 4102 noia
1265 4033 1344 4101 mihi
1367 4053 1439 4102 esse

381 4159 508 4229 videtur
530 4161 571 4229 ad
594 4160 787 4230 vocabulum
822 4161 949 4247 στόμα).
983 4169 1083 4252 ἄκραι
1113 4165 1211 4232 δὲτὰ
1236 4165 1355 4251 κέρατα
1380 4171 1437 4232 τοῦ
