3196 5292
669 685 708 758 lt

152 907 208 982 ὣς
231 903 325 988 ἔφατ’
352 901 435 992 (scil.
460 902 654 996 Sarpedon),
679 907 753 978 aridi
773 907 927 982 Γλαῦκος
943 909 1142 995 οἷπετράττετ’
1159 909 1230 980 οὐδ’

1050 1032 1228 1122 ἀπίθησεν·

209 1153 256 1219 τὼ
280 1152 310 1220 δ’
336 1157 410 1229 ἰθύς
433 1157 551 1242 βήτην,
576 1159 712 1225 Λυκίων
735 1157 820 1243 μέγα
844 1159 943 1234 ἔθνος
966 1163 1097 1240 ἄγοντε.
1162 1225 1164 1230 s

210 1279 284 1352 τούς
309 1278 343 1344 δὲ
369 1278 448 1348 idcirc
473 1279 579 1368 diyqo'
602 1286 670 1359 υἱὸς
693 1286 825 1349 Πετεῶο
850 1291 1056 1358 Μενεσθεύς·

210 1411 266 1470 τοῦ
292 1409 352 1491 γὰρ
378 1403 415 1488 δὴ
440 1409 519 1492 πρὸς
542 1413 668 1494 πύργον
691 1409 768 1474 ἰ’σοιν
794 1412 959 1493 κακότητα
983 1409 1147 1495 φέροντες.

209 1537 381 1617 πάπτηνεν
405 1528 436 1596 δ’
459 1529 524 1598 dut
548 1501 673 1616 πύξινον
696 1529 862 1618 Ἀχαιῶν,
887 1533 917 1598 εἴ
939 1530 1003 1600 τιν’
1026 1533 1131 1601 thano

209 1658 388 1737 ἡγεμόνων,
413 1657 500 1732 ὅστις
524 1659 556 1720 οἱ
578 1653 660 1740 cintia
685 1661 846 1743 ἑτάροισιν
870 1655 1007 1738 ἀμύναι·

210 1779 243 1852 εἰ·
267 1774 297 1842 δ’
321 1773 426 1864 ἐνόηο’
450 1781 581 1846 Αἴαντε
606 1780 689 1858 daim,
716 1779 860 1865 πολέμου
883 1783 1050 1866 ἀκορήτω,

210 1907 387 1984 ἑσταότας,
413 1910 555 1991 Τεῦκρόν
580 1931 632 1984 τε,
658 1906 734 1973 νέον
759 1905 929 1992 κλισίηθεν
955 1911 1071 1980 ἰόντα,

211 2029 363 2109 ἐγγύθεν.

211 2149 376 2218 Scholium
411 2151 599 2231 laudatum,
634 2149 695 2219 nisi
726 2151 836 2231 lallor,
869 2160 927 2218 aut
956 2160 1033 2218 nota
1058 2161 1108 2219 est
1131 2134 1230 2240 qnam

161 2273 372 2343 Aristarchus
395 2275 502 2343 verbis
530 2279 562 2354 ἐς
593 2273 741 2364 δ’ένόησ’
773 2279 905 2347 Αἴαντε
937 2277 1003 2345 δύο
1033 2274 1165 2358 adiecit,
1192 2286 1230 2344 ut

163 2399 343 2490 unicuique
355 2399 563 2469 manifestum
583 2410 668 2469 essct
682 2400 738 2490 qui
750 2399 820 2468 fieri
832 2409 961 2490 posset,
975 2408 1014 2468 ut
1025 2399 1229 2468 Menestheus

163 2523 277 2593 Aiaces
291 2523 574 2606 animadverteret,
589 2534 646 2593 aut
660 2524 859 2606 observatio,
875 2546 939 2614 qun
956 2524 1140 2613 argumenti
1155 2526 1229 2594 loco

164 2670 246 2718 usus
265 2660 331 2731 est,
346 2651 583 2719 ut-ostendcret
599 2649 821 2718 Monestheum
834 2670 936 2738 aeque
949 2670 986 2717 ac
1001 2648 1111 2718 Aiaces
1126 2670 1227 2718 cornu

164 2774 335 2844 sinistrum
355 2785 498 2844 tutatum
517 2775 628 2844 luisse.
659 2773 694 2842 ld
711 2784 818 2843 tamen
835 2773 972 2842 dubium
988 2772 1229 2863 relinquamus,

165 2898 282 2969 ceteris
305 2921 383 2969 vcro
407 2899 537 2968 scholiis
561 2900 645 2968 inter
662 2920 696 2968 se
712 2897 907 2989 comparatis
922 2898 1128 2988 exploremus
1147 2917 1226 2965 num

165 3024 449 3095 commentationis
473 3025 617 3116 perditae
641 3023 794 3114 reliquias
818 3043 933 3112 eruere
957 3023 1133 3114 possimus.

210 3147 333 3228 Quodsi
363 3150 463 3218 schol.
489 3150 525 3214 A
550 3148 591 3218 ad
615 3155 648 3213 Κ
669 3145 712 3216 53
734 3147 832 3215 fidem
855 3145 974 3214 hahere
997 3146 1126 3237 possis,
1150 3166 1228 3233 pro-

165 3272 271 3341 babile
315 3284 381 3355 est,
416 3272 657 3353 Aristarchum,
695 3270 748 3360 (ut
782 3289 854 3338 mos
898 3278 968 3337 erat
1001 3267 1228 3336 Alexandrinis

165 3395 246 3465 nihil
280 3417 318 3465 eu
347 3396 585 3466 recentioribus
609 3393 862 3465 admiscentibus
895 3394 963 3463 sola
987 3404 1104 3484 poetae
1130 3394 1226 3463 verba

166 3521 277 3610 sequi,
303 3523 432 3612 quoda
459 3522 558 3591 schol.
587 3528 621 3587 B
644 3521 685 3590 ad
708 3527 737 3585 Z
753 3511 820 3588 'not
842 3503 988 3610 ’Όμηρον
1014 3522 1048 3598 ἐξ
1083 3524 1226 3608 Ὁμήρου

166 3649 362 3734 σαφηνίζειν
393 3646 549 3738 ¹vocatur)
593 3647 626 3714 in
660 3643 824 3714 Idomenei
869 3645 1009 3715 statione
1052 3645 1230 3734 indaganda

168 3769 296 3838 abhoc
320 3772 393 3840 loco
417 3772 602 3862 proiectum
627 3791 716 3852 esse,
753 3790 853 3859 quare
881 3768 1032 3838 credibile
1060 3781 1109 3838 est
1132 3768 1231 3838 ratio·

166 3915 241 3962 nem
265 3894 335 3964 eius
358 3894 441 3964 hanc
465 3896 531 3965 sere
555 3895 674 3964 luisse:

216 4017 377 4088 «Auctore
400 4021 642 4110 Agamemnone
665 4019 827 4088 Menelaus
851 4019 916 4089 cito
942 4019 1044 4088 currit
1070 4015 1109 4086 ad
1122 4038 1229 4099 naves,

168 4149 205 4209 nt
239 4140 367 4210 Aiacem
403 4153 497 4212 vocet
528 4154 560 4210 at
592 4143 815 4212 Idomeneum.
861 4144 974 4233 ltaque
1004 4146 1142 4233 πλησίοι
1171 4155 1255 4216 τοῦ.
