3162 5294
508 1541 538 1631 'o
562 1562 635 1646 rr
658 1559 735 1630 ur
782 1559 847 1629 ttt.

612 1867 754 1878 ——un—

539 2043 554 2080 χ

630 2147 645 2236 ,ξ
670 2145 722 2214 ii.

594 2395 769 2466 Conclusio.

194 2647 286 2716 Iuvat
316 2646 378 2716 etsi
402 2645 540 2737 ingenue
563 2669 624 2739 pro
648 2660 753 2718 aetate
777 2661 885 2719 tamen
908 2651 1005 2741 longe
1027 2653 1208 2725 modestius

23 2861 25 2870 ‚
146 2795 250 2864 quam
283 2773 416 2844 liberius
449 2795 639 2865 expromere
664 2797 730 2866 quo
754 2775 853 2845 modo
877 2798 964 2846 nunc
988 2777 1208 2849 Aristarcheac
1323 2807 1325 2811 ·

146 2898 432 2968 commentationis
455 2899 588 2989 vestigia
611 2899 761 2972 habeant.
806 2901 873 2982 Qua
898 2903 930 2971 in
953 2925 1001 2986 re,
1027 2915 1064 2973 ut
1087 2904 1209 2976 sincero

23 3041 24 3046 ’
146 3026 276 3116 loquar,
312 3045 405 3115 agam
440 3025 574 3116 perinde
610 3046 647 3094 ac
682 3026 709 3094 si
743 3025 776 3094 in
807 3027 1031 3118 superioribus
1055 3049 1125 3098 rem
1148 3051 1208 3099 acu

146 3151 323 3240 tetigerim.
377 3151 447 3232 Quo
485 3151 569 3220 enim
604 3160 701 3242 pacto
736 3151 853 3241 aliquis
889 3153 1075 3235 crediderit,
1112 3154 1209 3222 talem

145 3276 463 3366 argumentationem
477 3278 605 3368 qualem
617 3278 754 3368 protuli,
769 3301 925 3370 umquam
940 3279 1089 3349 concludi
1101 3300 1208 3370 posse,

147 3404 175 3472 si
211 3403 430 3494 exploratione
458 3403 558 3473 modo
583 3403 735 3473 absoluta
758 3402 822 3473 iam
846 3403 955 3473 statim
978 3406 1082 3473 multa
1105 3404 1137 3473 in
1161 3406 1209 3475 via

146 3549 186 3596 ac
218 3527 343 3598 ratione
368 3549 521 3619 peccasse
544 3539 698 3619 putemus
722 3539 755 3598 et
779 3540 939 3620 perpetuo
963 3529 1153 3598 haereamus
1176 3531 1209 3600 in

147 3655 187 3723 iis
214 3654 254 3723 de
277 3653 397 3744 quibus
420 3656 510 3724 nullo
534 3676 671 3746 prorsus
697 3655 795 3724 modo
818 3675 859 3723 ne
882 3653 1064 3723 adduhitari
1076 3653 1208 3744 quidem
1270 3719 1274 3729 .

146 3779 278 3872 possit?
313 3779 359 3849 Ne
394 3779 467 3870 quis
504 3792 611 3849 tamen
642 3780 704 3849 hoc
728 3799 889 3849 summam
915 3778 1014 3846 ducat
1037 3777 1207 3847 stultitiam

147 3916 182 3976 et
219 3905 447 3988 temeritatem,
481 3905 649 3976 Lecturam
685 3906 726 3974 ad
756 3925 859 3974 meam
884 3903 986 3994 ipsius
1014 3903 1207 3994 disputatio-

147 4052 226 4101 nem
259 4032 385 4122 relego,
422 4031 478 4100 uhi
512 4052 641 4121 semper
675 4031 764 4122 quod
799 4030 898 4100 sciam
930 4042 1015 4100 certa
1040 4051 1058 4098 a
1081 4028 1205 4111 dubiis,

147 4155 322 4249 perspicua
345 4156 386 4227 ab
411 4155 559 4226 obscuris
584 4156 785 4246 distinguere
808 4155 931 4226 studui.
1275 4133 1281 4151 ’
