3162 5294
868 683 911 756 70

368 900 480 970 ruerit.
515 899 630 974 Mirum
655 901 785 993 quidem
807 902 908 974 debet
930 899 1046 982 videri,
1071 899 1316 989 grammaticum
1335 907 1430 992 νηῶν
1557 937 1563 965 1

371 1029 422 1102 ἐπ’
456 1029 608 1119 ἀριστερά
636 1027 799 1119 accepisse
829 1031 881 1100 ἐπ’
908 1032 1058 1116 ἀριστερὰ
1080 1034 1137 1098 τοῦ
1158 1025 1331 1114 Ἕκτορος,
1357 1045 1431 1094 cre-

368 1151 464 1222 dibile
496 1162 607 1222 antem
640 1163 691 1222 est.
714 1175 788 1222 eum
825 1155 866 1224 ad
888 1155 971 1224 hanc
995 1151 1229 1245 expositionem
1253 1152 1428 1244 delapsum

368 1279 484 1361 inisse,
508 1299 549 1347 ne
572 1300 685 1348 versus
708 1279 831 1349 laudati
854 1278 998 1371 opinioni
1022 1299 1099 1346 suae
1115 1277 1154 1346 de
1170 1287 1341 1369 portarum
1358 1275 1429 1346 situ

368 1424 572 1494 numeroque
595 1403 786 1472 obstarent⁸⁴

411 1529 482 1598 Huc
516 1528 612 1599 etiam
645 1528 786 1620 pertinet
819 1527 996 1598 Aristonici
1018 1539 1096 1596 nota
1120 1527 1159 1596 ad
1183 1527 1328 1596 eiusdem
1350 1524 1430 1594 iibri

366 1677 414 1726 vs.
438 1655 518 1738 765,
544 1654 656 1724 sedin
679 1654 788 1727 limine
811 1675 931 1747 ponam
955 1674 1038 1744 quae
1061 1653 1101 1722 de
1123 1652 1178 1721 illo
1202 1653 1255 1723 ἐπ’
1274 1653 1429 1741 ἀριστερά

368 1780 498 1871 scripsit
519 1779 665 1848 Naherus
689 1800 720 1870 p.
744 1778 799 1847 39.
913 1753 917 1762 ¹

376 1901 378 1904 ’
415 1907 477 1977 cUt
496 1913 600 2000 μάχης
617 1907 666 1978 ἐπ’
683 1913 869 1997 ἀριστερά»,
887 1905 935 1974 vir
952 1903 1150 1974 clarissimus
1166 1901 1285 1992 inquit,
1304 1901 1427 1974 «modo

367 2031 407 2100 de
445 2030 675 2128 Troianorum,
714 2032 813 2100 modo
848 2032 888 2100 de
921 2028 1118 2100 Graecorum
1154 2029 1284 2101 sinistro
1320 2049 1427 2102 cornu

367 2153 502 2236 dicatur,
527 2155 615 2245 quod
637 2156 758 2246 pendet
781 2177 798 2224 a
821 2175 961 2246 persona
984 2153 1052 2228 cius
1077 2155 1134 2246 qui
1156 2154 1312 2244 loquitur,
1334 2161 1426 2244 νηῶν

369 2283 421 2352 ἐπ’
456 2285 606 2372 ἀριστερά
641 2291 749 2350 tamen
782 2280 822 2350 ab
857 2281 1008 2352 omnibus
1042 2282 1087 2357 ita
1117 2293 1297 2372 usurpatur
1319 2295 1358 2352 ut
1380 2283 1426 2354 sit

370 2405 564 2474 Graecorum
601 2426 703 2476 cornu
740 2405 919 2479 sinistrum.
966 2406 1069 2497 Supra
1107 2405 1171 2474 iam
1207 2391 1347 2480 vidimus
1382 2407 1426 2477 de

367 2530 403 2598 M
425 2529 507 2612 118,
532 2529 566 2598 Ν
585 2528 666 2612 308,
691 2528 756 2599 326
780 2541 813 2599 et
835 2530 909 2598 675.
945 2531 1085 2602 Accedat
1106 2551 1193 2608 nunc
1216 2531 1248 2607 P
1269 2530 1426 2614 tto‚ubi

366 2654 442 2724 Aiax
473 2655 590 2725 dicitur
612 2655 806 2746 pugnavisse
828 2666 932 2749 μάχης
956 2656 1007 2726 ἐπ’
1030 2659 1180 2746 ἀριστερὰ
1203 2665 1322 2746 πάσης,
1347 2657 1424 2727 loco

367 2779 416 2847 uti
450 2778 566 2870 opinor
600 2801 671 2848 suo.
717 2781 872 2871 Superest
903 2802 988 2858 unus
1010 2781 1105 2851 locus
1127 2781 1225 2870 paulo
1250 2780 1423 2854 diffieilior.

366 2904 508 2974 Auctore
543 2901 769 2995 Polydamante
804 2905 839 2974 N
871 2905 934 2976 755
958 2906 1071 2978 volitat
1091 2905 1212 2994 Hector
1234 2927 1293 2996 per
1316 2915 1423 2980 totam

367 3028 580 3097 Troianorum
603 3028 713 3098 aciem.
753 3030 836 3098 Dnm
860 3051 988 3121 semper
1003 3029 1105 3098 currit
1121 3030 1337 3111 dectrorsum,
1354 3031 1423 3122 pri—

367 3174 457 3221 mum
492 3154 613 3222 frustra
649 3154 774 3244 quaerit
808 3155 1029 3246 Deiphobum,
1057 3156 1213 3226 Helenum
1237 3166 1269 3226 et
1289 3157 1421 3252 ddum,

367 3299 449 3367 quos
468 3277 618 3348 novimus
636 3279 889 3349 mediam-aciem
903 3294 1097 3371 occupasse,
1116 3282 1219 3350 donec
1231 3283 1271 3351 ad
1283 3283 1422 3356 Alexan-

367 3399 462 3469 drum
491 3402 635 3492 pervenit
667 3423 764 3492 quem
793 3425 892 3495 supra
911 3405 1049 3480 vidimus
1072 3417 1209 3505 proptor
1231 3408 1269 3484 dd
1290 3408 1333 3486 93
1356 3420 1422 3480 ste-

367 3524 444 3594 tisse
480 3525 513 3594 in
550 3525 763 3600 Troianorum
801 3549 903 3598 cornu
941 3530 1064 3602 dextro.
1110 3532 1177 3604 lam
1212 3543 1290 3604 sunt
1323 3535 1422 3604 verba

365 3648 513 3720 Homeri:

427 3780 483 3846 τὸν
508 3780 543 3846 δὲ
567 3777 638 3869 τάχ’
665 3769 734 3866 εὗρε
758 3790 861 3870 μάχης
885 3783 935 3855 ἐπ’
957 3787 1108 3876 ἀριστερὰ
1132 3787 1357 3878 δακρυοέσσης,

410 3897 510 3966 Error
532 3899 584 3968 hic
607 3910 672 3982 est,
697 3903 753 3972 sed
776 3904 809 3972 in
821 3904 941 3976 Graeco
954 3918 1066 3998 poeta,
1082 3910 1138 3999 qui
1151 3931 1279 4002 semper
1291 3912 1419 3984 Graecis

367 4022 452 4092 favet
474 4023 612 4094 fortasse
635 4025 802 4110 terendus,
828 4033 1030 4104 excusandus
1054 4045 1170 4108 certe.»

415 4147 542 4222 Bonum
576 4160 684 4221 autem
715 4151 892 4234 Homerum
921 4156 973 4227 hic
996 4157 1204 4242 dormitasse,
1229 4159 1290 4233 nisi
1315 4162 1418 4246 sallon,
