3196 5292
696 687 715 756 7

176 902 243 970 lere
261 900 475 990 impediebat,
495 901 671 990 quominus
683 901 920 969 Aristarchcam
934 883 1240 973 commentationem

176 1025 216 1093 de
246 1024 413 1094 navalibus
447 1023 620 1113 attingeret
654 1035 686 1092 et
715 1023 887 1115 Didymum
911 1025 1040 1094 silentio
1064 1028 1241 1118 praeterire

176 1168 326 1237 possum.
380 1145 513 1214 Nullum
549 1147 634 1215 enim
671 1148 759 1237 quod
795 1150 895 1218 sciam
929 1159 1034 1219 exstat
1065 1151 1239 1236 iodicium,

176 1273 263 1341 unde
293 1271 547 1361 disputationem
571 1271 773 1360 deperditam
797 1291 854 1340 eos
878 1273 1071 1362 cognovisse
1095 1285 1240 1365 apparat.

176 1394 334 1484 Equidem
368 1404 455 1463 certe
487 1394 609 1464 frustra
642 1394 794 1484 quaesivi.
827 1436 871 1448 -
903 1397 987 1466 llaec
1023 1399 1179 1470 hactenus
1204 1401 1244 1471 de

119 1501 124 1509 ’
177 1519 301 1588 Veneto
325 1520 361 1587 Α.

220 1642 307 1709 Inter
330 1641 452 1710 scholia
477 1641 597 1710 codicis
621 1642 734 1710 Veneti
756 1642 795 1724 B,
824 1653 861 1711 ut
884 1643 1003 1712 iterum
1027 1665 1099 1714 mea
1122 1646 1241 1715 faciam

176 1765 273 1835 verba
293 1765 448 1834 Dindorlii
467 1765 650 1856 etquidem
670 1765 703 1832 in
722 1767 823 1834 Praei.
848 1767 888 1834 ad
909 1767 1113 1838 scholiorum
1138 1768 1208 1837 Vol.
1226 1770 1239 1837 Ι

177 1911 210 1980 p.
234 1889 273 1957 11
302 1910 366 1978 sq.,
395 1909 480 1958 unon
503 1909 607 1978 pauca
627 1888 837 1978 reperiuntur
856 1890 974 1978 quibus
995 1900 1084 1960 caret
1096 1892 1238 1962 Venetus

176 2020 219 2094 A,
256 2014 533 2103 quemadmodum
563 2012 705 2082 vicissim
735 2013 770 2081 in
793 2013 901 2082 alteris
926 2014 989 2083 illis
1013 2015 1125 2084 multo
1147 2017 1260 2106 plura‘

179 2137 420 2218 desiderantur,
453 2158 537 2228 quae
566 2138 599 2205 in
631 2137 761 2208 scholiis
794 2138 907 2207 Veneti
936 2139 963 2206 Α
991 2149 1068 2208 suut
1096 2151 1263 2222 servata,-

178 2272 216 2330 ut
239 2261 448 2330 manifestum
472 2261 514 2329 sit
538 2260 668 2330 scholiis
694 2261 857 2331 veteribus
880 2261 967 2330 idem
984 2261 1139 2331 accidisse
1153 2263 1243 2352 quod

179 2385 249 2453 aliis
275 2384 426 2453 omnibus
451 2384 650 2453 scholiorum
674 2384 937 2466 collectionibus,
962 2396 1000 2453 ut
1021 2386 1242 2476 posteriorum

179 2519 364 2599 temporum
389 2507 591 2598 grammatici
613 2519 647 2576 et
669 2508 790 2577 librarii
814 2509 936 2577 scholia
959 2521 1067 2578 vetera
1086 2509 1244 2580 aliialiter

179 2645 265 2702 certa
290 2635 377 2701 nulla
397 2633 467 2722 lege
487 2644 698 2722 excerperent
715 2643 747 2706 et
760 2633 1075 2723 compendifacercnt
1088 2634 1242 2704 velnovis

178 2756 412 2845 amplificarent
436 2756 695 2825 additamentis.»
724 2757 844 2846 :Aeque
863 2778 900 2828 ac
920 2758 1125 2828 Venetumll
1143 2758 1244 2848 igitur

177 2879 241 2968 legi
264 2890 297 2948 et
320 2880 419 2968 relegi
443 2881 588 2950 codicem
608 2881 646 2963 B,
670 2881 762 2950 cuius
784 2882 905 2951 scholia
924 2881 1087 2952 recensuit
1105 2883 1243 2953 llindor-

176 3001 241 3070 fius
266 3002 348 3070 Voll.
373 3002 414 3070 lll
437 3013 470 3070 et
494 3003 543 3071 lv.

222 3127 334 3218 Neque
367 3127 473 3195 omitti
502 3149 562 3218 par
588 3139 639 3197 est
670 3129 814 3199 codicem
847 3129 1087 3212 victorianum,
1113 3121 1152 3199 ex
1176 3151 1243 3220 quo

178 3253 331 3321 Lchrsius
366 3274 398 3342 p.
431 3251 496 3320 115
530 3253 689 3322 scholium
721 3254 761 3321 ad
792 3253 822 3320 M
855 3251 920 3320 tue
951 3250 1040 3342 quod
1064 3252 1242 3322 Aristarchi

177 3378 419 3447 annotationem
444 3378 589 3446 continet
611 3377 914 3466 chorographicam,
933 3375 1104 3465 excerpsit.
1135 3375 1242 3443 Meum
1338 3348 1344 3357 ¹

177 3503 278 3592 igitur
301 3502 379 3570 duxi
403 3524 478 3570 cum
501 3502 631 3570 Venetis
655 3501 706 3568 ΑΒ
730 3501 850 3569 scholia
875 3520 1072 3590 componere
1091 3499 1242 3568 codicum

178 3627 204 3694 V
228 3647 265 3694 ac
290 3626 313 3692 L
339 3625 542 3715 (Lipsiensis)
568 3634 601 3693 et
625 3624 756 3714 quidem
778 3646 815 3693 cx
836 3625 1024 3694 recensione
1036 3623 1242 3692 lmmanuelis

178 3748 312 3817 Bekkeri
337 3769 420 3837 quae
444 3769 527 3816 anno
552 3747 642 3816 1825
664 3748 795 3838 prodiit.

222 3871 375 3940 Nondum
410 3881 518 3940 tamen
559 3871 698 3940 sontium
734 3871 861 3962 copiam
897 3871 1117 3940 exhausimus.
1166 3871 1241 3938 Ete-

179 3997 268 4077 nim,
295 4006 333 4064 ut
356 3996 467 4066 docuit
491 3996 643 4064 Lehrsius
677 4016 709 4085 p.
746 3994 806 4076 34,
846 3995 1054 4063 »Eustathius
1084 4015 1165 4062 usus
1194 4003 1245 4062 est

183 4117 384 4188 scholiorum
418 4118 582 4187 volumine
618 4139 754 4201 eorum,
794 4140 877 4208 quae
910 4119 1007 4188 hodie
1040 4119 1183 4188 Venetus
1217 4118 1243 4186 Α
