3196 5292
868 679 912 752 40

450 905 499 978 τίς
521 899 550 968 τ’
571 906 614 988 ἄρ
637 897 686 968 ὅδ’
697 900 798 978 ἄλλος
811 895 954 987 Ἀχαιὸς
967 897 1048 984 α’νήρ
1060 902 1116 982 ήύς
1128 924 1161 965 τε
1174 897 1276 984 μέγας
1291 924 1346 975 τε,

450 1028 561 1114 έξοχος
585 1021 749 1110 Ἀργείων
774 1024 919 1109 κεφαλήν
943 1051 977 1092 τε
1002 1027 1056 1090 καὶ
1082 1023 1193 1111 εὐρέας
1216 1027 1346 1108 ὤμονςς

363 1146 559 1236 respondet:

452 1263 545 1352 οὗτος
568 1271 598 1342 δ’
622 1275 715 1353 Αἴας
738 1276 805 1341 ἐστὶ
829 1272 1007 1360 πελώριος,
1031 1271 1123 1360 ’έριιος
1148 1272 1314 1363 Ἀχαιῶν.

453 1397 635 1484 Ἰδομενεύς
659 1397 689 1466 δ’
712 1397 871 1486 ἑτέρωθεν
897 1402 946 1467 ένέ
970 1406 1127 1484 Κρήτεσσι
1150 1401 1227 1475 θεὸς
1250 1401 1293 1476 ὣς
1410 1442 1417 1450 ·

452 1521 559 1607 ’ἕστηκ’
582 1525 664 1609 ἀμφὶ
688 1520 724 1590 δέ
746 1551 804 1610 μιν
828 1529 968 1612 Κρητῶν
993 1523 1068 1606 α’γοέ
1092 1525 1326 1611 ἠγερέθονται,

364 1645 404 1713 ad
429 1651 462 1709 Γ
485 1645 551 1714 930
574 1645 776 1736 adscriptum
801 1654 850 1714 est
873 1645 905 1714 in
930 1645 1053 1714 Veneto
1076 1649 1114 1718 A
1127 1667 1134 1712 :

364 1779 415 1842 ὅτι
439 1773 578 1863 πλησίον
601 1779 619 1840 o'
642 1771 825 1859 Ἰδομενεδς
849 1774 999 1848 Αἴαντος
1023 1779 1078 1840 τοῦ
1104 1771 1317 1857 Τελαμωνίου
1335 1776 1440 1839 ε’τάσ·

366 1925 437 1966 σετο
471 1896 598 1981 (inser'it
629 1904 684 1965 καὶ
717 1895 884 1986 Lehrsius)
920 1902 1004 1965 ιιατά
1035 1905 1094 1982 τήν
1124 1898 1330 1987 έπιπώλησιν
1353 1924 1440 1985 συμ·

367 2029 493 2109 φῶτας.
527 2024 750 2111 παραιτητέον
778 2031 844 2111 ἄρα
876 2027 1002 2092 ἐκεῖνον
1026 2026 1083 2091 τὸν
1107 2027 1219 2112 στίχον
1242 2029 1300 2093 τὸν
1325 2027 1360 2093 έν
1386 2029 1438 2111 τῷ

368 2148 540 2233 καταλόγῳ
564 2153 626 2216 ὑπό
650 2176 750 2218 τινων
775 2155 980 2234 γραφόμενον

413 2283 505 2360 στήσε
530 2273 559 2342 δ’
582 2281 672 2358 ἄγων
686 2271 731 2344 ἵν’
746 2273 947 2363 Ἀθηναίων
959 2279 1094 2342 ἵσταντο
1107 2276 1271 2359 φάλαγγες
1287 2271 1337 2361 (Β
1350 2270 1435 2361 558)

368 2400 405 2467 οδ
429 2406 491 2488 γάρ
516 2397 597 2485 ἦσαν
620 2400 760 2488 πλησίον
786 2401 941 2481 Αἰἀντος
964 2399 1163 2486 Ἀθηναῖοι.

413 2523 514 2592 Media
548 2523 647 2592 huius
680 2523 793 2592 scholii
827 2545 902 2614 pars
926 2535 1081 2614 quartum
1104 2521 1210 2591 lliedis
1239 2521 1361 2589 librum
1384 2541 1438 2589 re-

288 2661 296 2669 ·
370 2645 479 2736 spicit,
494 2646 550 2714 uhi
563 2646 784 2736 Agamemnon
797 2648 942 2717 virorum
954 2647 1151 2718 Graecorum
1166 2647 1295 2718 ordines
1310 2645 1434 2728 obiens,

369 2791 416 2837 vs.
441 2768 502 2837 251
531 2769 616 2838 venit
639 2770 679 2838 ed
702 2769 871 2840 Cretenses
896 2772 952 2862 qui
1025 2767 1027 2770 ’

548 2895 626 2982 ἄμφ’
651 2897 826 2983 Ἰδομενῆα
850 2899 1013 2986 δαΐφρονα
1037 2908 1255 2987 θωρήσσοντο.

370 3017 486 3086 Statim
510 3027 619 3087 eutem
642 3031 732 3109 post,
757 3043 803 3090 vs.
830 3019 895 3090 273

414 3143 497 3230 ήλθε
513 3145 551 3213 δ’
576 3143 628 3215 ἐπ’
651 3151 832 3218 Αἷάντεσσι
858 3150 939 3218 κιὼν
963 3151 1029 3219 α’νὰ
1052 3144 1196 3236 οὐλαμὸν
1219 3150 1369 3236 ἀνδρῶν,

372 3266 413 3335 ad
435 3289 534 3360 quem
556 3291 688 3340 versum
712 3271 745 3339 in
764 3272 884 3354 eodem
908 3271 1019 3342 codiee
1042 3272 1198 3362 legimus:

371 3400 422 3465 ὅτι
457 3407 478 3483 ή
512 3402 603 3480 τάξις
637 3397 826 3486 Ἰδομενέως
861 3400 1000 3488 πλησίον
1036 3402 1205 3480 Αἴαντος,
1241 3402 1319 3487 πρὸς
1358 3401 1435 3475 τούς

371 3527 615 3602 ὑποτάσσοντας
638 3534 706 3602 τοῖς
732 3522 937 3612 Ἀθηναίοις
960 3529 1017 3594 τὸν
1042 3525 1257 3609 Τελαμώνιον
1280 3521 1330 3611 (Β
1343 3519 1438 3609 558).

418 3645 577 3715 Ultimum
601 3646 740 3737 denique
763 3635 925 3718 scholium
946 3647 1007 3716 hee
1031 3648 1071 3717 de
1094 3669 1146 3716 re:

372 3777 423 3843 ὅτι
448 3777 483 3844 έν
507 3784 575 3854 τοῖς
609 3779 787 3864 ἀριστεροῖς
820 3775 928 3863 μέρεσι
964 3782 1020 3843 τοῦ
1051 3783 1266 3859 ναυστάθμου
1298 3771 1435 3856 γέγονεν

372 3910 394 3988 η
415 3907 519 3988 μάχη,
544 3903 627 3969 ὅπου
651 3905 705 3967 καὶ
728 3905 760 3968 οἱ
781 3902 932 3979 Αἴαντες
956 3903 1115 3984 ἐσκήνουν

373 4025 407 4093 in
429 4025 552 4094 Veneto
575 4027 613 4096 A
637 4023 757 4112 legitur
779 4023 820 4092 ad
844 4030 889 4089 M
907 4020 990 4102 335,
1014 4019 1071 4089 ubi
1094 4028 1191 4110 poeta
1215 4018 1281 4088 sio:
