3162 5294
884 665 927 736 74

378 884 476 962 atque
498 873 532 944 in
555 875 676 944 Veneto
700 875 724 943 B
746 877 900 967 leguntur
922 878 1036 949 haece:

378 1003 492 1088 ι’δίωμά
522 1028 619 1089 φησιν
649 1005 867 1096 Ἀρίσταρχος
898 1016 1094 1094 γεγενῆσθαι
1125 1016 1196 1098 περὶ
1230 1017 1287 1096 τὴν
1310 1017 1442 1101 μάχην.

377 1133 443 1197 τῶν
467 1135 527 1215 γάρ
552 1135 673 1217 Τρώων
693 1132 756 1211 ’ἕως
780 1140 835 1202 τοῦ
862 1137 987 1222 τείχους
1012 1140 1194 1218 γεγονότων
1219 1141 1250 1203 οί
1271 1135 1444 1224 Ἓλληνες

378 1262 430 1325 ἐπὶ
466 1261 531 1327 τῶν
565 1263 720 1346 πρυμνῶν
755 1269 948 1354 μάχονται·Ι
970 1263 1020 1328 διὸ
1058 1266 1089 1329 οί
1120 1267 1228 1348 Τρῶες
1259 1267 1345 1342 ὅπως
1370 1266 1445 1332 α’πὸ

376 1388 448 1455 ίσου
471 1386 622 1475 βάλλοιεν
651 1390 774 1476 ὕψους,
805 1391 869 1457 τίπίι
894 1393 959 1456 τῶν
985 1391 1167 1478 ιίρματείων
1194 1388 1315 1475 δίφρων
1340 1390 1443 1458 αὐτοί

374 1519 557 1600 μάχονται,
591 1515 670 1582 ὥστε
701 1512 949 1604 ἀποστραφῆναι
982 1518 1054 1591 τοδς
1085 1519 1206 1590 ίππους
1230 1517 1272 1593 ὠς
1297 1517 1349 1583 ἐπί
1374 1522 1442 1600 τὴν

375 1637 496 1706 Ἴλιον.
532 1641 659 1708 ἔσονται
695 1641 728 1706 δέ
766 1644 820 1708 καί
856 1645 896 1732 οί
921 1644 1048 1734 ἡνίοχοι
1083 1642 1125 1720 ὥς
1162 1645 1217 1708 ἐπὶ
1248 1647 1307 1725 τὴν
1332 1642 1442 1712 πόλιν

376 1767 602 1853 τετραμμένοι,
636 1771 676 1834 τά
707 1767 741 1834 δέ
775 1771 863 1834 νῶτα
897 1766 1022 1846 δόντες
1043 1775 1111 1845 τοῖς
1135 1766 1320 1853 πολεμίοις,
1344 1769 1376 1834 οί
1402 1769 1443 1836 δέ

375 1899 564 1980 παραβάται
589 1893 762 1972 σκέποντες
785 1894 903 1970 αὐτούς
926 1897 994 1978 ἅμα
1018 1897 1071 1960 καί
1092 1898 1282 1979 μαχόμενοι·
1309 1892 1442 1960 διὸκαὶ

374 2023 393 2086 ὁ
429 2021 558 2106 η’νίοχος
597 2018 878 2105 Πουλυδάμαντος
919 2017 1057 2106 Κλεῖτος
1092 2022 1176 2085 κατά
1217 2022 1274 2085 τὸν
1310 2017 1444 2106 αὐχένα

375 2147 541 2233 τέτρωται.

419 2267 506 2348 Quae
540 2266 659 2336 scholia
692 2287 795 2356 quum
830 2265 966 2334 maxime
997 2265 1096 2334 huius
1119 2265 1183 2334 loci
1206 2265 1248 2334 sit
1272 2287 1345 2335 cum
1368 2265 1443 2336 fine

376 2392 490 2461 scholii
513 2394 549 2491 A
574 2392 613 2460 ad
638 2390 751 2460 0449
776 2413 902 2460 summa
926 2413 1004 2460 cur-a
1027 2402 1059 2461 οι
1084 2391 1246 2481 diligentia
1269 2392 1441 2476 conferre,

376 2520 451 2584 AB
473 2519 514 2587 ad
538 2525 564 2583 O
587 2515 652 2586 385
686 2528 785 2608 atque
819 2520 855 2584 A
880 2518 920 2587 ad
945 2515 1059 2599 0449
1087 2517 1314 2620 ,numeralibus
1345 2496 1442 2587 notis

376 2642 413 2725 1,
430 2641 505 2724 23
527 2642 757 2726 indicabimus,
789 2664 855 2734 quo
887 2627 1001 2713 meliis
1035 2643 1260 2733 dispiciamus,
1293 2644 1371 2735 quid
1394 2644 1441 2750 iis

377 2787 550 2836 commune
574 2767 625 2836 sit.
751 2759 754 2763 ’

370 2893 408 2984 ο)
426 2891 457 2961 1.
481 2900 560 2982 πρὸς
585 2901 644 2980 τὴν
671 2899 819 2984 ἰδιότητα
843 2907 898 2984 τῆς
921 2905 1034 2987 μάχης.

431 3017 463 3088 λ.
488 3022 605 3108 ἰδίωμα
640 3018 751 3110 (φησιν
776 3020 1006 3113 Ἀρίσταρχος)
1038 3029 1233 3108 γεγενῆσθαι
1265 3031 1337 3108 περὶ
1372 3034 1439 3110 τὴν

486 3155 604 3237 νάιοι·
691 3227 693 3232 .

376 3271 411 3362 1))
430 3273 461 3344 1.
485 3281 596 3363 οἱμὲν
620 3278 848 3365 ’ἐπιβεβηκότες
875 3287 945 3354 ταῖς
970 3284 1131 3365 πρύμναις
1159 3280 1223 3346 τῶν
1248 3280 1341 3346 υεῶν.

431 3399 461 3468 λ.
486 3408 518 3471 οί
539 3403 701 3490 εἝλληνες
726 3406 778 3469 ἐπὶ
804 3407 869 3472 τῶν
896 3411 1053 3491 πρυμυῶν
1076 3407 1248 3491 μάχονται.

377 3527 408 3616 c)
434 3527 464 3594 1.
489 3533 520 3596 οἱ
543 3532 577 3597 δέ
603 3531 869 3616 ἀποστρέψαντες
900 3531 940 3598 τά
971 3535 1101 3616 ἅρματα
1128 3534 1181 3597 ἐπὶ
1206 3532 1280 3596 τῶνῚ
1297 3528 1436 3612 δίφρων·

431 3651 461 3722 4.
486 3660 518 3722 οἱ
541 3658 648 3746 Τρῶες
680 3657 744 3751 υίπὸ
776 3661 841 3726 τῶν
875 3657 1060 3750 άρματείων
1094 3657 1215 3757 δίφρων
1248 3655 1340 3722 αὐτοί
1372 3665 1438 3739 μά·

487 3807 612 3872 χουται.

376 3905 410 3996 d)
429 3903 460 3976 1.
483 3905 528 4004 ἵν’
551 3907 571 3996 ᾗ
591 3907 653 3984 ,ἀπ’
675 3911 757 3999 ίσου.
793 3963 803 3980 .
956 3997 959 4004 .

370 4101 372 4106 ,
431 4029 462 4098 λ.
485 4034 570 4110 ὅπως
594 4037 657 4102 οέπὸ
680 4036 752 4105 ’ίσου
775 4033 929 4121 βάλλοιεν
953 4037 1071 4119 ὕφους.
1133 4103 1134 4112 ,

431 4155 461 4223 3.
486 4157 532 4227 ίν’
556 4163 699 4227 ἀπὸτοῦ
723 4161 794 4226 ’ίσου
813 4161 953 4251 ’,γένηται
978 4167 1116 4256 β’μάχη·
