<?xml version="1.0" encoding="UTF-8"?>
<!DOCTYPE html PUBLIC "-//W3C//DTD XHTML 1.0 Transitional//EN"
    "http://www.w3.org/TR/xhtml1/DTD/xhtml1-transitional.dtd">
<html xmlns="http://www.w3.org/1999/xhtml" xml:lang="en" lang="en">
 <head>
  <title>
</title>
<meta http-equiv="Content-Type" content="text/html;charset=utf-8" />
  <meta name='ocr-system' content='tesseract 3.04.00' />
  <meta name='ocr-capabilities' content='ocr_page ocr_carea ocr_par ocr_line ocrx_word'/>
</head>
<body>
  <div class='ocr_page' id='page_1' title='image "./dearistarchicom00goedgoog_0063.png"; bbox 0 0 3196 5292; ppageno 0'>
   <div class='ocr_carea' id='block_1_1' title="bbox 865 661 910 730">
    <p class='ocr_par' dir='ltr' id='par_1_1' title="bbox 865 661 910 730">
     <span class='ocr_line' id='line_1_1' title="bbox 865 661 910 730; baseline 0 0"><span class='ocrx_word' id='word_1_1' title='bbox 865 661 910 730; x_wconf 76' lang='lat' dir='ltr'><strong>dli</strong></span> 
     </span>
    </p>
   </div>
   <div class='ocr_carea' id='block_1_2' title="bbox 282 876 1427 4078">
    <p class='ocr_par' dir='ltr' id='par_1_2' title="bbox 353 876 1423 1216">
     <span class='ocr_line' id='line_1_2' title="bbox 395 876 1423 965; baseline 0 -21"><span class='ocrx_word' id='word_1_2' title='bbox 395 876 498 944; x_wconf 90' lang='lat' dir='ltr'><strong>Paene</strong></span> <span class='ocrx_word' id='word_1_3' title='bbox 533 894 812 965; x_wconf 85' lang='lat' dir='ltr'><strong>supervacaneum</strong></span> <span class='ocrx_word' id='word_1_4' title='bbox 848 884 898 943; x_wconf 87' lang='lat' dir='ltr'><strong>est</strong></span> <span class='ocrx_word' id='word_1_5' title='bbox 922 893 1068 956; x_wconf 92' lang='lat' dir='ltr'><strong>monere,</strong></span> <span class='ocrx_word' id='word_1_6' title='bbox 1094 896 1154 944; x_wconf 90' lang='lat' dir='ltr'><strong>nos</strong></span> <span class='ocrx_word' id='word_1_7' title='bbox 1178 897 1249 946; x_wconf 88' lang='lat' dir='ltr'><strong>cam</strong></span> <span class='ocrx_word' id='word_1_8' title='bbox 1275 885 1423 945; x_wconf 90' lang='lat' dir='ltr'><strong>tautum·</strong></span> 
     </span>
     <span class='ocr_line' id='line_1_3' title="bbox 353 998 1421 1090; baseline 0 -22"><span class='ocrx_word' id='word_1_9' title='bbox 353 999 451 1069; x_wconf 91' lang='lat' dir='ltr'><strong>modo</strong></span> <span class='ocrx_word' id='word_1_10' title='bbox 486 998 550 1068; x_wconf 92' lang='lat' dir='ltr'><strong>loci</strong></span> <span class='ocrx_word' id='word_1_11' title='bbox 584 999 707 1070; x_wconf 91' lang='lat' dir='ltr'><strong>laudati</strong></span> <span class='ocrx_word' id='word_1_12' title='bbox 741 1011 868 1090; x_wconf 90' lang='lat' dir='ltr'><strong>partem</strong></span> <span class='ocrx_word' id='word_1_13' title='bbox 904 1007 1100 1068; x_wconf 72' lang='lat' dir='ltr'><strong>tractaturos</strong></span> <span class='ocrx_word' id='word_1_14' title='bbox 1137 1021 1225 1082; x_wconf 88' lang='lat' dir='ltr'><strong>esse,</strong></span> <span class='ocrx_word' id='word_1_15' title='bbox 1262 1020 1344 1090; x_wconf 87' lang='lat' dir='ltr'><strong>quae</strong></span> <span class='ocrx_word' id='word_1_16' title='bbox 1379 1000 1421 1068; x_wconf 90' lang='lat' dir='ltr'><strong>ab</strong></span> 
     </span>
     <span class='ocr_line' id='line_1_4' title="bbox 357 1123 851 1216; baseline -0.01 -20"><span class='ocrx_word' id='word_1_17' title='bbox 357 1123 851 1216; x_wconf 32' lang='lat' dir='ltr'><strong>mmmmm.·</strong></span> 
     </span>
    </p>

    <p class='ocr_par' dir='ltr' id='par_1_3' title="bbox 354 1247 1421 2066">
     <span class='ocr_line' id='line_1_5' title="bbox 397 1247 1418 1339; baseline 0.001 -22"><span class='ocrx_word' id='word_1_18' title='bbox 397 1248 455 1317; x_wconf 85' lang='lat' dir='ltr'><strong>Via</strong></span> <span class='ocrx_word' id='word_1_19' title='bbox 489 1247 622 1339; x_wconf 90' lang='lat' dir='ltr'><strong>quidem</strong></span> <span class='ocrx_word' id='word_1_20' title='bbox 656 1269 694 1318; x_wconf 88' lang='lat' dir='ltr'><strong>ac</strong></span> <span class='ocrx_word' id='word_1_21' title='bbox 722 1247 806 1317; x_wconf 90' lang='lat' dir='ltr'><strong>ratio</strong></span> <span class='ocrx_word' id='word_1_22' title='bbox 829 1269 927 1338; x_wconf 87' lang='lat' dir='ltr'><strong>quam</strong></span> <span class='ocrx_word' id='word_1_23' title='bbox 951 1248 1093 1339; x_wconf 79' lang='lat' dir='ltr'><strong>scriptor</strong></span> <span class='ocrx_word' id='word_1_24' title='bbox 1115 1249 1167 1318; x_wconf 92' lang='lat' dir='ltr'><strong>hic</strong></span> <span class='ocrx_word' id='word_1_25' title='bbox 1194 1261 1327 1320; x_wconf 90' lang='lat' dir='ltr'><strong>secutus</strong></span> <span class='ocrx_word' id='word_1_26' title='bbox 1350 1261 1418 1332; x_wconf 87' lang='lat' dir='ltr'><strong>est,</strong></span> 
     </span>
     <span class='ocr_line' id='line_1_6' title="bbox 354 1371 1421 1466; baseline 0.004 -26"><span class='ocrx_word' id='word_1_27' title='bbox 354 1372 486 1442; x_wconf 90' lang='lat' dir='ltr'><strong>minime</strong></span> <span class='ocrx_word' id='word_1_28' title='bbox 521 1372 683 1462; x_wconf 80' lang='lat' dir='ltr'><strong>discrepat</strong></span> <span class='ocrx_word' id='word_1_29' title='bbox 712 1373 753 1441; x_wconf 91' lang='lat' dir='ltr'><strong>ab</strong></span> <span class='ocrx_word' id='word_1_30' title='bbox 776 1371 1070 1442; x_wconf 82' lang='lat' dir='ltr'><strong>Alexandrinorum</strong></span> <span class='ocrx_word' id='word_1_31' title='bbox 1096 1374 1274 1464; x_wconf 86' lang='lat' dir='ltr'><strong>disciplina.</strong></span> <span class='ocrx_word' id='word_1_32' title='bbox 1321 1376 1421 1466; x_wconf 91' lang='lat' dir='ltr'><strong>Atqui</strong></span> 
     </span>
     <span class='ocr_line' id='line_1_7' title="bbox 354 1495 1420 1590; baseline 0 -22"><span class='ocrx_word' id='word_1_33' title='bbox 354 1495 521 1568; x_wconf 87' lang='lat' dir='ltr'><strong>Strabonis</strong></span> <span class='ocrx_word' id='word_1_34' title='bbox 555 1497 637 1566; x_wconf 92' lang='lat' dir='ltr'><strong>liber</strong></span> <span class='ocrx_word' id='word_1_35' title='bbox 671 1517 779 1566; x_wconf 91' lang='lat' dir='ltr'><strong>uouus</strong></span> <span class='ocrx_word' id='word_1_36' title='bbox 814 1496 847 1566; x_wconf 89' lang='lat' dir='ltr'><strong>in</strong></span> <span class='ocrx_word' id='word_1_37' title='bbox 881 1498 919 1566; x_wconf 90' lang='lat' dir='ltr'><strong>iis</strong></span> <span class='ocrx_word' id='word_1_38' title='bbox 955 1509 1022 1580; x_wconf 88' lang='lat' dir='ltr'><strong>est,</strong></span> <span class='ocrx_word' id='word_1_39' title='bbox 1060 1498 1116 1567; x_wconf 93' lang='lat' dir='ltr'><strong>ubi</strong></span> <span class='ocrx_word' id='word_1_40' title='bbox 1149 1500 1355 1590; x_wconf 81' lang='lat' dir='ltr'><strong>geographus</strong></span> <span class='ocrx_word' id='word_1_41' title='bbox 1381 1521 1420 1569; x_wconf 86' lang='lat' dir='ltr'><strong>ex</strong></span> 
     </span>
     <span class='ocr_line' id='line_1_8' title="bbox 355 1619 1419 1712; baseline 0.001 -21"><span class='ocrx_word' id='word_1_42' title='bbox 355 1621 555 1712; x_wconf 80' lang='lat' dir='ltr'><strong>Apollodoro</strong></span> <span class='ocrx_word' id='word_1_43' title='bbox 586 1621 704 1690; x_wconf 85' lang='lat' dir='ltr'><strong>hausit.</strong></span> <span class='ocrx_word' id='word_1_44' title='bbox 751 1619 796 1692; x_wconf 84' lang='lat' dir='ltr'><strong>Gi.</strong></span> <span class='ocrx_word' id='word_1_45' title='bbox 828 1621 965 1690; x_wconf 86' lang='lat' dir='ltr'><strong>Nieseus</strong></span> <span class='ocrx_word' id='word_1_46' title='bbox 989 1621 1021 1690; x_wconf 91' lang='lat' dir='ltr'><strong>iu</strong></span> <span class='ocrx_word' id='word_1_47' title='bbox 1045 1621 1175 1691; x_wconf 86' lang='lat' dir='ltr'><strong>Musaeo</strong></span> <span class='ocrx_word' id='word_1_48' title='bbox 1198 1622 1351 1692; x_wconf 88' lang='lat' dir='ltr'><strong>Rhenano</strong></span> <span class='ocrx_word' id='word_1_49' title='bbox 1374 1624 1419 1692; x_wconf 93' lang='lat' dir='ltr'><strong>l.l.</strong></span> 
     </span>
     <span class='ocr_line' id='line_1_9' title="bbox 354 1744 1419 1837; baseline 0.002 -23"><span class='ocrx_word' id='word_1_50' title='bbox 354 1757 388 1814; x_wconf 91' lang='lat' dir='ltr'><strong>et</strong></span> <span class='ocrx_word' id='word_1_51' title='bbox 411 1765 493 1835; x_wconf 87' lang='lat' dir='ltr'><strong>quac</strong></span> <span class='ocrx_word' id='word_1_52' title='bbox 516 1745 577 1815; x_wconf 90' lang='lat' dir='ltr'><strong>hac</strong></span> <span class='ocrx_word' id='word_1_53' title='bbox 599 1745 640 1814; x_wconf 91' lang='lat' dir='ltr'><strong>de</strong></span> <span class='ocrx_word' id='word_1_54' title='bbox 662 1765 698 1814; x_wconf 88' lang='lat' dir='ltr'><strong>rc</strong></span> <span class='ocrx_word' id='word_1_55' title='bbox 710 1744 874 1835; x_wconf 87' lang='lat' dir='ltr'><strong>disputavi</strong></span> <span class='ocrx_word' id='word_1_56' title='bbox 892 1746 926 1814; x_wconf 93' lang='lat' dir='ltr'><strong>iu</strong></span> <span class='ocrx_word' id='word_1_57' title='bbox 938 1745 1183 1815; x_wconf 87' lang='lat' dir='ltr'><strong>introductione</strong></span> <span class='ocrx_word' id='word_1_58' title='bbox 1196 1768 1269 1837; x_wconf 79' lang='lat' dir='ltr'><strong>pag.</strong></span> <span class='ocrx_word' id='word_1_59' title='bbox 1283 1746 1314 1816; x_wconf 86' lang='lat'><strong>9.</strong></span> <span class='ocrx_word' id='word_1_60' title='bbox 1348 1747 1419 1828; x_wconf 82' lang='lat' dir='ltr'><strong>Quo</strong></span> 
     </span>
     <span class='ocr_line' id='line_1_10' title="bbox 354 1869 1420 1963; baseline 0.002 -24"><span class='ocrx_word' id='word_1_61' title='bbox 354 1871 455 1962; x_wconf 82' lang='lat' dir='ltr'><strong>igitur</strong></span> <span class='ocrx_word' id='word_1_62' title='bbox 476 1882 573 1963; x_wconf 89' lang='lat' dir='ltr'><strong>pacto</strong></span> <span class='ocrx_word' id='word_1_63' title='bbox 604 1871 721 1962; x_wconf 89' lang='lat' dir='ltr'><strong>aliquis</strong></span> <span class='ocrx_word' id='word_1_64' title='bbox 751 1870 940 1951; x_wconf 83' lang='lat' dir='ltr'><strong>crediderit,</strong></span> <span class='ocrx_word' id='word_1_65' title='bbox 971 1869 1132 1940; x_wconf 87' lang='lat' dir='ltr'><strong>eiusmodi</strong></span> <span class='ocrx_word' id='word_1_66' title='bbox 1153 1872 1266 1940; x_wconf 89' lang='lat' dir='ltr'><strong>locum</strong></span> <span class='ocrx_word' id='word_1_67' title='bbox 1288 1872 1420 1962; x_wconf 93' lang='lat' dir='ltr'><strong>Apollo-</strong></span> 
     </span>
     <span class='ocr_line' id='line_1_11' title="bbox 354 1994 957 2066; baseline -0.005 0"><span class='ocrx_word' id='word_1_68' title='bbox 354 1997 474 2066; x_wconf 94' lang='lat' dir='ltr'><strong>dorum</strong></span> <span class='ocrx_word' id='word_1_69' title='bbox 496 2017 563 2065; x_wconf 92' lang='lat' dir='ltr'><strong>uou</strong></span> <span class='ocrx_word' id='word_1_70' title='bbox 585 1994 737 2065; x_wconf 87' lang='lat' dir='ltr'><strong>habuisse</strong></span> <span class='ocrx_word' id='word_1_71' title='bbox 760 1996 957 2064; x_wconf 86' lang='lat' dir='ltr'><strong>auctorem‘l</strong></span> 
     </span>
    </p>

    <p class='ocr_par' dir='ltr' id='par_1_4' title="bbox 356 2120 1421 3334">
     <span class='ocr_line' id='line_1_12' title="bbox 399 2120 1420 2213; baseline -0.002 -23"><span class='ocrx_word' id='word_1_72' title='bbox 399 2123 537 2213; x_wconf 84' lang='lat' dir='ltr'><strong>Insuper</strong></span> <span class='ocrx_word' id='word_1_73' title='bbox 559 2121 709 2192; x_wconf 89' lang='lat' dir='ltr'><strong>novimus</strong></span> <span class='ocrx_word' id='word_1_74' title='bbox 735 2129 817 2190; x_wconf 87' lang='lat' dir='ltr'><strong>teste</strong></span> <span class='ocrx_word' id='word_1_75' title='bbox 841 2120 938 2191; x_wconf 88' lang='lat' dir='ltr'><strong>Suida</strong></span> <span class='ocrx_word' id='word_1_76' title='bbox 961 2120 981 2188; x_wconf 91' lang='lat' dir='ltr'><strong>i.</strong></span> <span class='ocrx_word' id='word_1_77' title='bbox 1007 2142 1034 2189; x_wconf 87' lang='lat' dir='ltr'><strong>v.</strong></span> <span class='ocrx_word' id='word_1_78' title='bbox 1060 2120 1295 2209; x_wconf 91' lang='lat' dir='ltr'><strong>Apollodorum</strong></span> <span class='ocrx_word' id='word_1_79' title='bbox 1317 2141 1420 2188; x_wconf 87' lang='lat' dir='ltr'><strong>uuum</strong></span> 
     </span>
     <span class='ocr_line' id='line_1_13' title="bbox 356 2243 1420 2335; baseline -0.005 -19"><span class='ocrx_word' id='word_1_80' title='bbox 356 2246 457 2316; x_wconf 86' lang='lat' dir='ltr'><strong>luisse</strong></span> <span class='ocrx_word' id='word_1_81' title='bbox 486 2267 524 2316; x_wconf 84' lang='lat' dir='ltr'><strong>ex</strong></span> <span class='ocrx_word' id='word_1_82' title='bbox 548 2245 727 2314; x_wconf 80' lang='lat' dir='ltr'><strong>Aristarchi</strong></span> <span class='ocrx_word' id='word_1_83' title='bbox 750 2243 952 2334; x_wconf 86' lang='lat' dir='ltr'><strong>grammatici</strong></span> <span class='ocrx_word' id='word_1_84' title='bbox 977 2243 1161 2335; x_wconf 90' lang='lat' dir='ltr'><strong>discipulis,</strong></span> <span class='ocrx_word' id='word_1_85' title='bbox 1188 2243 1420 2314; x_wconf 82' lang='lat' dir='ltr'><strong>ut&#39;verisimile</strong></span> 
     </span>
     <span class='ocr_line' id='line_1_14' title="bbox 357 2367 1421 2460; baseline -0.002 -20"><span class='ocrx_word' id='word_1_86' title='bbox 357 2371 399 2441; x_wconf 91' lang='lat' dir='ltr'><strong>sit</strong></span> <span class='ocrx_word' id='word_1_87' title='bbox 422 2371 615 2460; x_wconf 81' lang='lat' dir='ltr'><strong>magistrum</strong></span> <span class='ocrx_word' id='word_1_88' title='bbox 641 2369 802 2460; x_wconf 90' lang='lat' dir='ltr'><strong>discipulo</strong></span> <span class='ocrx_word' id='word_1_89' title='bbox 826 2371 949 2439; x_wconf 82' lang='lat' dir='ltr'><strong>iontem</strong></span> <span class='ocrx_word' id='word_1_90' title='bbox 969 2369 1080 2438; x_wconf 86' lang='lat' dir='ltr'><strong>luisse.</strong></span> <span class='ocrx_word' id='word_1_91' title='bbox 1111 2368 1197 2438; x_wconf 91' lang='lat' dir='ltr'><strong>Num</strong></span> <span class='ocrx_word' id='word_1_92' title='bbox 1215 2367 1316 2458; x_wconf 84' lang='lat' dir='ltr'><strong>igitur</strong></span> <span class='ocrx_word' id='word_1_93' title='bbox 1331 2377 1421 2458; x_wconf 91' lang='lat' dir='ltr'><strong>patet</strong></span> 
     </span>
     <span class='ocr_line' id='line_1_15' title="bbox 357 2491 1420 2584; baseline 0 -22"><span class='ocrx_word' id='word_1_94' title='bbox 357 2496 467 2564; x_wconf 92' lang='lat' dir='ltr'><strong>locum</strong></span> <span class='ocrx_word' id='word_1_95' title='bbox 502 2516 519 2564; x_wconf 92' lang='lat' dir='ltr'><strong>a</strong></span> <span class='ocrx_word' id='word_1_96' title='bbox 550 2494 708 2564; x_wconf 88' lang='lat' dir='ltr'><strong>Strabone</strong></span> <span class='ocrx_word' id='word_1_97' title='bbox 740 2514 779 2562; x_wconf 87' lang='lat' dir='ltr'><strong>ex</strong></span> <span class='ocrx_word' id='word_1_98' title='bbox 810 2492 1011 2584; x_wconf 82' lang='lat' dir='ltr'><strong>Apollodoro</strong></span> <span class='ocrx_word' id='word_1_99' title='bbox 1034 2492 1208 2575; x_wconf 89' lang='lat' dir='ltr'><strong>haustum,</strong></span> <span class='ocrx_word' id='word_1_100' title='bbox 1231 2491 1420 2562; x_wconf 89' lang='lat' dir='ltr'><strong>Aristarcho</strong></span> 
     </span>
     <span class='ocr_line' id='line_1_16' title="bbox 356 2615 1419 2710; baseline -0.005 -21"><span class='ocrx_word' id='word_1_101' title='bbox 356 2620 512 2690; x_wconf 89' lang='lat' dir='ltr'><strong>uindicari</strong></span> <span class='ocrx_word' id='word_1_102' title='bbox 545 2620 664 2710; x_wconf 86' lang='lat' dir='ltr'><strong>posse‘l</strong></span> <span class='ocrx_word' id='word_1_103' title='bbox 701 2617 840 2687; x_wconf 88' lang='lat' dir='ltr'><strong>Minime.</strong></span> <span class='ocrx_word' id='word_1_104' title='bbox 874 2616 1049 2686; x_wconf 82' lang='lat' dir='ltr'><strong>Contundit</strong></span> <span class='ocrx_word' id='word_1_105' title='bbox 1072 2616 1157 2685; x_wconf 91' lang='lat' dir='ltr'><strong>euim</strong></span> <span class='ocrx_word' id='word_1_106' title='bbox 1181 2615 1419 2706; x_wconf 90' lang='lat' dir='ltr'><strong>Apollodorus,</strong></span> 
     </span>
     <span class='ocr_line' id='line_1_17' title="bbox 357 2739 1421 2831; baseline -0.005 -18"><span class='ocrx_word' id='word_1_107' title='bbox 357 2755 395 2814; x_wconf 91' lang='lat' dir='ltr'><strong>ut</strong></span> <span class='ocrx_word' id='word_1_108' title='bbox 428 2765 466 2812; x_wconf 84' lang='lat' dir='ltr'><strong>ex</strong></span> <span class='ocrx_word' id='word_1_109' title='bbox 501 2764 540 2812; x_wconf 87' lang='lat' dir='ltr'><strong>eo</strong></span> <span class='ocrx_word' id='word_1_110' title='bbox 576 2743 783 2811; x_wconf 79' lang='lat' dir='ltr'><strong>manifestum</strong></span> <span class='ocrx_word' id='word_1_111' title='bbox 817 2741 965 2810; x_wconf 92' lang='lat' dir='ltr'><strong>redditur</strong></span> <span class='ocrx_word' id='word_1_112' title='bbox 996 2741 1085 2831; x_wconf 92' lang='lat' dir='ltr'><strong>quod</strong></span> <span class='ocrx_word' id='word_1_113' title='bbox 1120 2741 1230 2810; x_wconf 90' lang='lat' dir='ltr'><strong>laudat</strong></span> <span class='ocrx_word' id='word_1_114' title='bbox 1265 2746 1306 2810; x_wconf 91' lang='lat' dir='ltr'><em>N</em></span> <span class='ocrx_word' id='word_1_115' title='bbox 1338 2739 1421 2822; x_wconf 77' lang='lat'><strong>681,</strong></span> 
     </span>
     <span class='ocr_line' id='line_1_18' title="bbox 357 2864 1421 2959; baseline -0.004 -21"><span class='ocrx_word' id='word_1_116' title='bbox 357 2879 535 2959; x_wconf 87' lang='lat' dir='ltr'><strong>utrumque</strong></span> <span class='ocrx_word' id='word_1_117' title='bbox 570 2866 715 2949; x_wconf 91' lang='lat' dir='ltr'><strong>Aiacem,</strong></span> <span class='ocrx_word' id='word_1_118' title='bbox 744 2887 828 2957; x_wconf 91' lang='lat' dir='ltr'><strong>quos</strong></span> <span class='ocrx_word' id='word_1_119' title='bbox 865 2877 971 2935; x_wconf 89' lang='lat' dir='ltr'><strong>tamen</strong></span> <span class='ocrx_word' id='word_1_120' title='bbox 1006 2865 1090 2934; x_wconf 89' lang='lat' dir='ltr'><strong>iuter</strong></span> <span class='ocrx_word' id='word_1_121' title='bbox 1114 2886 1149 2934; x_wconf 91' lang='lat' dir='ltr'><strong>se</strong></span> <span class='ocrx_word' id='word_1_122' title='bbox 1173 2864 1421 2954; x_wconf 84' lang='lat' dir='ltr'><strong>distinguendos</strong></span> 
     </span>
     <span class='ocr_line' id='line_1_19' title="bbox 356 2991 1421 3082; baseline -0.006 -18"><span class='ocrx_word' id='word_1_123' title='bbox 356 3014 445 3075; x_wconf 89' lang='lat' dir='ltr'><strong>esse,</strong></span> <span class='ocrx_word' id='word_1_124' title='bbox 484 3015 551 3063; x_wconf 91' lang='lat' dir='ltr'><strong>uou</strong></span> <span class='ocrx_word' id='word_1_125' title='bbox 586 2993 669 3082; x_wconf 76' lang='lat' dir='ltr'><strong>sugit</strong></span> <span class='ocrx_word' id='word_1_126' title='bbox 704 2991 945 3073; x_wconf 89' lang='lat' dir='ltr'><strong>Aristarchum,</strong></span> <span class='ocrx_word' id='word_1_127' title='bbox 983 3001 1019 3059; x_wconf 95' lang='lat' dir='ltr'><strong>ut</strong></span> <span class='ocrx_word' id='word_1_128' title='bbox 1054 2991 1177 3081; x_wconf 92' lang='lat' dir='ltr'><strong>liquido</strong></span> <span class='ocrx_word' id='word_1_129' title='bbox 1212 3001 1347 3081; x_wconf 91' lang='lat' dir='ltr'><strong>apparet</strong></span> <span class='ocrx_word' id='word_1_130' title='bbox 1381 3011 1421 3058; x_wconf 86' lang='lat' dir='ltr'><strong>ex</strong></span> 
     </span>
     <span class='ocr_line' id='line_1_20' title="bbox 357 3091 1420 3194; baseline -0.008 -5"><span class='ocrx_word' id='word_1_131' title='bbox 357 3118 489 3190; x_wconf 76' lang='lat' dir='ltr'><strong>scholas</strong></span> <span class='ocrx_word' id='word_1_132' title='bbox 523 3118 565 3187; x_wconf 77' lang='lat' dir='ltr'><strong>aa</strong></span> <span class='ocrx_word' id='word_1_133' title='bbox 600 3125 635 3182; x_wconf 83' lang='lat' dir='ltr'><em>K</em></span> <span class='ocrx_word' id='word_1_134' title='bbox 668 3116 734 3185; x_wconf 82' lang='lat' dir='ltr'><strong>uo</strong></span> <span class='ocrx_word' id='word_1_135' title='bbox 767 3091 800 3184; x_wconf 74' lang='lat' dir='ltr'><strong>a</strong></span> <span class='ocrx_word' id='word_1_136' title='bbox 835 3121 876 3182; x_wconf 77' lang='lat' dir='ltr'><strong>rr</strong></span> <span class='ocrx_word' id='word_1_137' title='bbox 910 3114 986 3183; x_wconf 83' lang='lat' dir='ltr'><strong>aar.</strong></span> <span class='ocrx_word' id='word_1_138' title='bbox 1033 3113 1136 3194; x_wconf 66' lang='lat' dir='ltr'><strong>ouum</strong></span> <span class='ocrx_word' id='word_1_139' title='bbox 1167 3113 1210 3182; x_wconf 81' lang='lat' dir='ltr'><strong>ou</strong></span> <span class='ocrx_word' id='word_1_140' title='bbox 1233 3134 1302 3181; x_wconf 75' lang='lat' dir='ltr'><strong>rem</strong></span> <span class='ocrx_word' id='word_1_141' title='bbox 1325 3113 1358 3180; x_wconf 84' lang='lat' dir='ltr'><strong>in</strong></span> <span class='ocrx_word' id='word_1_142' title='bbox 1381 3113 1420 3181; x_wconf 81' lang='lat' dir='ltr'><strong>as</strong></span> 
     </span>
     <span class='ocr_line' id='line_1_21' title="bbox 356 3237 1319 3334; baseline -0.008 -22"><span class='ocrx_word' id='word_1_143' title='bbox 356 3265 440 3334; x_wconf 88' lang='lat' dir='ltr'><strong>quae</strong></span> <span class='ocrx_word' id='word_1_144' title='bbox 462 3244 523 3311; x_wconf 89' lang='lat' dir='ltr'><strong>hac</strong></span> <span class='ocrx_word' id='word_1_145' title='bbox 546 3242 579 3312; x_wconf 91' lang='lat' dir='ltr'><strong>iu</strong></span> <span class='ocrx_word' id='word_1_146' title='bbox 602 3241 806 3332; x_wconf 83' lang='lat' dir='ltr'><strong>paragrapho</strong></span> <span class='ocrx_word' id='word_1_147' title='bbox 830 3263 862 3331; x_wconf 93' lang='lat' dir='ltr'><strong>p.</strong></span> <span class='ocrx_word' id='word_1_148' title='bbox 886 3240 927 3307; x_wconf 78' lang='lat' dir='ltr'><strong>dl</strong></span> <span class='ocrx_word' id='word_1_149' title='bbox 953 3237 1093 3319; x_wconf 89' lang='lat' dir='ltr'><strong>conieci,</strong></span> <span class='ocrx_word' id='word_1_150' title='bbox 1118 3238 1163 3306; x_wconf 91' lang='lat' dir='ltr'><strong>nil</strong></span> <span class='ocrx_word' id='word_1_151' title='bbox 1185 3238 1319 3306; x_wconf 84' lang='lat' dir='ltr'><strong>mutavi.</strong></span> 
     </span>
    </p>

    <p class='ocr_par' dir='ltr' id='par_1_5' title="bbox 356 3362 1419 3581">
     <span class='ocr_line' id='line_1_22' title="bbox 400 3362 1419 3435; baseline -0.003 -1"><span class='ocrx_word' id='word_1_152' title='bbox 400 3367 467 3435; x_wconf 90' lang='lat' dir='ltr'><strong>lam</strong></span> <span class='ocrx_word' id='word_1_153' title='bbox 504 3387 580 3435; x_wconf 87' lang='lat' dir='ltr'><strong>uero</strong></span> <span class='ocrx_word' id='word_1_154' title='bbox 617 3377 820 3434; x_wconf 87' lang='lat' dir='ltr'><strong>transeamus</strong></span> <span class='ocrx_word' id='word_1_155' title='bbox 852 3365 892 3434; x_wconf 89' lang='lat' dir='ltr'><strong>ad</strong></span> <span class='ocrx_word' id='word_1_156' title='bbox 923 3363 1052 3432; x_wconf 92' lang='lat' dir='ltr'><strong>Aiacem</strong></span> <span class='ocrx_word' id='word_1_157' title='bbox 1084 3362 1162 3432; x_wconf 89' lang='lat' dir='ltr'><strong>Oilei</strong></span> <span class='ocrx_word' id='word_1_158' title='bbox 1198 3362 1302 3432; x_wconf 89' lang='lat' dir='ltr'><strong>filium</strong></span> <span class='ocrx_word' id='word_1_159' title='bbox 1334 3373 1419 3432; x_wconf 88' lang='lat' dir='ltr'><strong>cete-</strong></span> 
     </span>
     <span class='ocr_line' id='line_1_23' title="bbox 356 3471 817 3581; baseline -0.002 -22"><span class='ocrx_word' id='word_1_160' title='bbox 356 3471 477 3581; x_wconf 81' lang='lat' dir='ltr'><strong>rosque</strong></span> <span class='ocrx_word' id='word_1_161' title='bbox 500 3491 610 3559; x_wconf 89' lang='lat' dir='ltr'><strong>duces.</strong></span> <span class='ocrx_word' id='word_1_162' title='bbox 813 3473 817 3478; x_wconf 53' lang='grc'><strong>’</strong></span> 
     </span>
    </p>

    <p class='ocr_par' dir='ltr' id='par_1_6' title="bbox 282 3610 1427 4078">
     <span class='ocr_line' id='line_1_24' title="bbox 399 3610 1418 3704; baseline -0.003 -20"><span class='ocrx_word' id='word_1_163' title='bbox 399 3615 448 3684; x_wconf 91' lang='lat' dir='ltr'><strong>Ad</strong></span> <span class='ocrx_word' id='word_1_164' title='bbox 472 3622 506 3682; x_wconf 88' lang='lat' dir='ltr'><em>K</em></span> <span class='ocrx_word' id='word_1_165' title='bbox 526 3613 608 3696; x_wconf 86' lang='lat' dir='ltr'><strong>llO,</strong></span> <span class='ocrx_word' id='word_1_166' title='bbox 634 3634 732 3704; x_wconf 90' lang='lat' dir='ltr'><strong>quem</strong></span> <span class='ocrx_word' id='word_1_167' title='bbox 757 3634 887 3683; x_wconf 88' lang='lat' dir='ltr'><strong>versum</strong></span> <span class='ocrx_word' id='word_1_168' title='bbox 911 3623 1004 3681; x_wconf 91' lang='lat' dir='ltr'><strong>autea</strong></span> <span class='ocrx_word' id='word_1_169' title='bbox 1027 3610 1173 3694; x_wconf 86' lang='lat' dir='ltr'><strong>laudari,</strong></span> <span class='ocrx_word' id='word_1_170' title='bbox 1198 3611 1231 3680; x_wconf 91' lang='lat' dir='ltr'><strong>in</strong></span> <span class='ocrx_word' id='word_1_171' title='bbox 1255 3611 1365 3680; x_wconf 87' lang='lat' dir='ltr'><strong>codice</strong></span> <span class='ocrx_word' id='word_1_172' title='bbox 1381 3616 1418 3681; x_wconf 86' lang='grc' dir='ltr'><em>Α</em></span> 
     </span>
     <span class='ocr_line' id='line_1_25' title="bbox 282 3738 757 3830; baseline -0.006 -21"><span class='ocrx_word' id='word_1_173' title='bbox 282 3823 283 3830; x_wconf 12' lang='lat'>¹</span> <span class='ocrx_word' id='word_1_174' title='bbox 355 3738 518 3830; x_wconf 89' lang='lat' dir='ltr'><strong>adscripta</strong></span> <span class='ocrx_word' id='word_1_175' title='bbox 542 3748 618 3807; x_wconf 88' lang='lat' dir='ltr'><strong>sunt</strong></span> <span class='ocrx_word' id='word_1_176' title='bbox 641 3739 757 3807; x_wconf 88' lang='lat' dir='ltr'><strong>haece:</strong></span> 
     </span>
     <span class='ocr_line' id='line_1_26' title="bbox 356 3863 1417 3952; baseline -0.003 -20"><span class='ocrx_word' id='word_1_177' title='bbox 356 3868 407 3933; x_wconf 87' lang='grc' dir='ltr'><strong>ὅτι</strong></span> <span class='ocrx_word' id='word_1_178' title='bbox 431 3865 571 3952; x_wconf 80' lang='grc' dir='ltr'><strong><em>πλησίον</em></strong></span> <span class='ocrx_word' id='word_1_179' title='bbox 596 3873 652 3933; x_wconf 79' lang='grc' dir='ltr'><strong>τοῦ</strong></span> <span class='ocrx_word' id='word_1_180' title='bbox 675 3873 804 3951; x_wconf 79' lang='grc' dir='ltr'><strong><em>Λοκροῦ</em></strong></span> <span class='ocrx_word' id='word_1_181' title='bbox 828 3867 980 3942; x_wconf 75' lang='grc' dir='ltr'><strong><em>Αἴαντος</em></strong></span> <span class='ocrx_word' id='word_1_182' title='bbox 1004 3870 1021 3932; x_wconf 90' lang='grc' dir='ltr'>ό</span> <span class='ocrx_word' id='word_1_183' title='bbox 1043 3863 1158 3950; x_wconf 73' lang='grc' dir='ltr'><em>Μέγης</em></span> <span class='ocrx_word' id='word_1_184' title='bbox 1182 3864 1417 3948; x_wconf 60' lang='lat' dir='ltr'><strong>scarsolarum.</strong></span> 
     </span>
     <span class='ocr_line' id='line_1_27' title="bbox 358 3987 1427 4078; baseline -0.007 -18"><span class='ocrx_word' id='word_1_185' title='bbox 358 3997 413 4060; x_wconf 78' lang='lat' dir='ltr'><strong>uoti</strong></span> <span class='ocrx_word' id='word_1_186' title='bbox 450 3991 620 4059; x_wconf 74' lang='lat' dir='ltr'><strong>drs‘oralus</strong></span> <span class='ocrx_word' id='word_1_187' title='bbox 645 3992 680 4056; x_wconf 82' lang='grc' dir='ltr'><strong>δὲ</strong></span> <span class='ocrx_word' id='word_1_188' title='bbox 704 3996 860 4076; x_wconf 69' lang='grc' dir='ltr'><strong><em>προσθεὶς</em></strong></span> <span class='ocrx_word' id='word_1_189' title='bbox 883 3987 1039 4078; x_wconf 57' lang='grc' dir='ltr'><strong><em>,,ταχύν”.</em></strong></span> <span class='ocrx_word' id='word_1_190' title='bbox 1063 3999 1083 4074; x_wconf 70' lang='lat' dir='ltr'><strong>sl</strong></span> <span class='ocrx_word' id='word_1_191' title='bbox 1107 3989 1141 4054; x_wconf 79' lang='grc' dir='ltr'><strong>δὲ</strong></span> <span class='ocrx_word' id='word_1_192' title='bbox 1166 3991 1317 4072; x_wconf 75' lang='grc' dir='ltr'><strong><em>α’νοφορὰ</em></strong></span> <span class='ocrx_word' id='word_1_193' title='bbox 1340 3989 1427 4072; x_wconf 85' lang='grc' dir='ltr'><strong><em>πρὸς</em></strong></span> 
     </span>
    </p>
   </div>
   <div class='ocr_carea' id='block_1_3' title="bbox 360 4121 827 4202">
    <p class='ocr_par' dir='ltr' id='par_1_7' title="bbox 360 4121 827 4202">
     <span class='ocr_line' id='line_1_28' title="bbox 360 4121 827 4202; baseline -0.004 -20"><span class='ocrx_word' id='word_1_194' title='bbox 360 4122 402 4182; x_wconf 84' lang='grc' dir='ltr'><strong>τὰ</strong></span> <span class='ocrx_word' id='word_1_195' title='bbox 424 4121 496 4202; x_wconf 75' lang='grc' dir='ltr'><strong>περὶ</strong></span> <span class='ocrx_word' id='word_1_196' title='bbox 522 4124 577 4182; x_wconf 81' lang='grc' dir='ltr'><strong>τοῦ</strong></span> <span class='ocrx_word' id='word_1_197' title='bbox 603 4121 827 4199; x_wconf 71' lang='grc' dir='ltr'><strong><em>ναυστάθμου.</em></strong></span> 
     </span>
    </p>
   </div>
   <div class='ocr_carea' id='block_1_4' title="bbox 0 0 1607 5292">
    <p class='ocr_par' dir='ltr' id='par_1_8' title="bbox 0 0 1607 5292">
     <span class='ocr_line' id='line_1_29' title="bbox 0 0 1607 5292; baseline 0 0"><span class='ocrx_word' id='word_1_198' title='bbox 0 0 1607 5292; x_wconf 95' lang='lat' dir='ltr'><strong> </strong></span> 
     </span>
    </p>
   </div>
  </div>
 </body>
</html>
