3162 5294
656 726 700 794 oo

192 939 313 1010 Unicus
347 959 448 1028 porro
480 938 589 1019 locus,
623 938 679 1007 uhi
709 938 768 1007 alia
801 938 961 1022 citantur,
992 942 1211 1032 reperiturin

143 1065 270 1134 renuo
294 1064 320 1132 n
343 1033 393 1132 aa
408 1062 537 1131 raso:

142 1202 166 1278 ἡ
190 1193 310 1274 διπλῆ,
344 1195 395 1258 ὅτι
427 1192 567 1277 πλησίον
591 1196 609 1258 o‘
633 1189 815 1278 Ἰδομενεύς
847 1195 999 1272 Αἴαντος
1023 1199 1078 1261 τοῦ
1106 1197 1211 1264 Teiu-

141 1321 269 1404 μώνίον
294 1322 442 1386 ἐτάσσετο
467 1318 522 1383 καὶ
547 1322 631 1384 κατὰ
655 1323 714 1402 τὴν
742 1315 948 1405 {nandi-potr
975 1317 1055 1404 (scil.
1081 1322 1110 1382 Δ
1134 1317 1208 1422 251,

144 1439 226 1528 273)
264 1447 451 1527 συμφώνως.
493 1443 717 1529 παραιτητέον
752 1449 818 1527 ἄρα
850 1447 975 1510 ἐκεῖνον
1009 1448 1065 1514 τὸν
1098 1448 1209 1534 στίχον

144 1575 204 1640 τὸν
229 1573 263 1639 ἐν
288 1574 332 1652 τῷ
358 1569 531 1656 καταλόγῳ
553 1569 616 1636 ὑπό
640 1595 739 1636 τινων
765 1573 970 1654 γραφόμενον

143 1732 146 1736 ’
191 1704 283 1781 στῆσε
307 1693 337 1761 δ’
349 1701 439 1775 ἄνων
452 1693 498 1763 ἵν’
511 1691 713 1781 Ἀθηναίων
726 1698 860 1764 ἵσταντο
874 1697 1038 1780 φάλαγγες
1054 1695 1103 1785 (Β
1116 1693 1208 1786 5*8)·

144 1825 184 1890 οὐ
208 1828 268 1910 γὰρ
292 1819 374 1907 ἦσαν
398 1821 538 1908 πλησίον
561 1823 715 1903 ΙΑἴαντος
738 1820 926 1908 Αθηναῖοι.

193 1943 282 2012 Unde
306 1943 469 2034 sequitur,
495 1954 532 2024 ut
555 1963 655 2033 snpra
678 1964 751 2033 pag.
775 1941 814 2010 ld
844 1943 956 2024 docui,
983 1943 1208 2018 Aristarchum

143 2089 184 2138 ex
210 2065 321 2137 1'230
348 2068 510 2150 effecisse,
534 2068 614 2159 quid
638 2068 677 2136 de
701 2067 833 2159 reliquis
858 2068 939 2137 locis
964 2080 1121 2138 censeret.

190 2193 259 2264 Hoc
290 2215 365 2263 vero
392 2194 419 2262 si
440 2193 636 2284 excipimus,
663 2193 702 2262 de
728 2193 840 2262 ordine
864 2213 962 2284 quem
985 2193 1019 2260 in
1044 2214 1210 2263 commen-

144 2317 270 2387 tatione
294 2318 460 2388 condenda
486 2329 619 2388 secutus
644 2319 702 2400 sit,
728 2318 806 2387 nihil
819 2329 958 2388 constat.
982 2318 1208 2390 Coniecturam

143 2453 255 2510 tamen
279 2463 409 2513 sumere
431 2452 527 2534 potes
551 2463 590 2510 ex
613 2443 676 2511 fine
702 2442 815 2512 scholii
838 2442 862 2509 B
882 2443 923 2512 ad
944 2443 1207 2536 0705atqueex

142 2578 237 2650 nota,
262 2567 401 2659 quaein
425 2568 535 2637 codice
559 2568 586 2636 V
608 2567 728 2657 legitur
752 2567 793 2636 ad
816 2575 861 2633 M
880 2565 957 2636 118.

190 2693 317 2762 Etenim
342 2695 373 2763 in
398 2703 540 2785 utroque
565 2693 706 2775 scholio,
731 2692 857 2762 sirecte
870 2691 1207 2773 video‚ecastrorum
1296 2784 1298 2790 Ι

141 2828 261 2909 portae
285 2817 350 2887 situ
375 2819 555 2909 colligitur,
582 2817 712 2887 ubinam
728 2799 901 2887 stationem
913 2816 1085 2886 habuerint
1097 2816 1208 2887 Prote-

94 2922 98 2930 ¹
142 2942 245 3010 silaus
270 2952 303 3010 et
325 2942 490 3032 Lapithae.

190 3065 253 3134 Fac
282 3077 393 3135 autem
424 3085 476 3135 me
500 3087 565 3134 non
588 3065 705 3135 iniuria
729 3077 822 3135 notas
846 3066 916 3135 illas
942 3068 1208 3137 commentationi

142 3192 332 3282 deperditae
366 3191 563 3280 assignasse,
591 3191 766 3282 quidinde
790 3193 961 3281 sequitur?
995 3191 1079 3260 Nihil
1102 3192 1206 3274 aliud,

142 3315 272 3408 opinor,
286 3338 384 3408 quam
399 3315 621 3386 Aristarchum
633 3316 726 3406 prius
741 3316 845 3405 egisse
859 3316 897 3384 de
911 3325 1094 3385 castrorum
1103 3317 1207 3406 portis

141 3463 244 3534 quam
268 3442 308 3511 dc
331 3442 411 3533 ipsis
434 3441 612 3510 navalibus.
644 3441 762 3510 Utrum
787 3461 863 3509 vero
887 3441 951 3510 hoc
976 3450 1208 3542 argumentum

142 3567 256 3636 statim
278 3577 356 3659 post
379 3568 460 3637 illud
481 3566 627 3656 attigerit
649 3587 766 3647 necne,
792 3565 932 3634 discerni
955 3564 1078 3657 nequit.

192 3694 281 3763 Hanc
304 3693 406 3781 igitur
429 3713 549 3782 sequar
568 3691 728 3792 rationem
748 3691 780 3760 in
793 3689 846 3771 iis,
862 3711 944 3780 quae
957 3689 1039 3759 inira
1052 3690 1207 3771 invenies,

142 3830 184 3890 ut
208 3841 225 3888 a
248 3816 355 3909 portis
378 3814 494 3884 faciam
517 3815 657 3885 initium.

190 3943 277 4011 Inter
305 3941 364 4011 alia
389 3918 499 4009 autern
522 3951 693 4031 portarurn
719 3961 852 4031 quoque
874 3961 1032 4009 numerus
1056 3940 1089 4007 in
1112 3961 1210 4008 causa

142 4069 223 4149 fuit,
250 4088 309 4136 cur
332 4064 539 4134 Aristarchus
563 4072 608 4130 M
615 4064 681 4134 475
705 4086 777 4156 sqq.
802 4064 960 4134 reiecerit.
990 4064 1210 4153 Itaquescho·

143 4195 228 4262 lium
253 4192 403 4262 adhunc
426 4189 786 4282 locumsubiungetur.
