3162 5294
882 627 925 698 98

372 834 452 904 locis
488 858 571 927 quos
607 859 624 906 e
659 837 880 930 disputatione
917 841 957 912 de
993 844 1162 913 navalibus
1194 845 1331 916 haustos
1365 869 1445 934 esse

372 970 501 1029 constat
535 983 572 1030 ao
607 962 647 1032 de
680 963 719 1033 iis
755 987 839 1056 quos
866 965 1027 1057 probabili
1051 968 1175 1038 ratione
1199 969 1287 1039 illinc
1310 973 1440 1062 petitos

371 1083 472 1153 fuisse
494 1096 660 1176 putamus.
707 1087 773 1157 Nec
798 1110 874 1159 sane
897 1091 1081 1162 mirandum
1106 1115 1181 1163 cum
1203 1095 1259 1186 qui
1280 1097 1320 1165 de
1338 1119 1444 1167 nava·

371 1209 458 1279 libus
493 1211 650 1282 scriberet
684 1213 811 1284 Troiam
844 1237 1026 1308 agrumque
1062 1217 1238 1287 Troianum
1271 1240 1337 1289 non
1374 1221 1443 1289 nisi

371 1335 510 1404 strictim
534 1336 690 1427 attigisse.

413 1460 458 1529 De
484 1460 610 1530 ambitu
633 1462 764 1553 quidem
789 1473 822 1532 et
845 1465 948 1534 forma
974 1467 1159 1558 scriptionis
1184 1467 1330 1558 perditae
1354 1491 1442 1559 pro-

369 1585 523 1655 nunciare
554 1608 620 1656 non
651 1587 766 1656 ausim.
813 1589 952 1659 Prorsus
980 1592 1066 1660 enim
1092 1592 1211 1661 desunt
1236 1593 1440 1664 testimonia.

368 1710 543 1790 Videamus
570 1733 646 1782 vero
670 1734 711 1781 an
735 1713 810 1782 sciri
838 1714 960 1806 aliquid
985 1715 1091 1807 possit
1116 1717 1154 1786 de
1179 1717 1308 1799 ordine,
1334 1740 1440 1809 quem

368 1835 402 1903 in
424 1835 522 1906 rebus
547 1837 723 1907 tractandis
747 1839 954 1910 Aristarchus
980 1840 1042 1910 sibi
1064 1842 1249 1932 proposuit.

412 1963 461 2032 Ad
484 1971 519 2029 K
539 1962 582 2032 53
603 1963 686 2032 hanc
711 1965 954 2035 annotationem
978 1965 1133 2055 legimus:

367 2096 418 2160 ὅτι
443 2097 477 2160 ἐκ
503 2097 706 2164 τούτωνκαὶ
738 2097 803 2162 τῶν
840 2099 995 2163 τοιούτων
1021 2097 1060 2162 τὰ
1084 2097 1155 2180 περὶ
1180 2101 1236 2162 τοῦ
1262 2101 1438 2162 renardo-

366 2244 429 2303 μου
451 2223 470 2284 o‘
492 2217 713 2307 Ἀρίσταρχος
736 2223 1033 2306 ἐπραγματεύσατο.

414 2341 478 2410 Cur
500 2341 552 2409 hic
576 2340 733 2410 demum‘t
757 2341 842 2410 Nihil
865 2342 1028 2412 ditlioilius
1054 2342 1138 2410 scitu
1162 2352 1222 2411 est.
1260 2341 1326 2411 Iam
1344 2342 1438 2411 enim

368 2480 462 2538 antea
486 2468 579 2558 eopia
602 2467 740 2537 dabatur
764 2467 836 2536 talis
861 2459 1113 2549 observationis,
1139 2466 1180 2534 ad
1206 2470 1240 2529 Γ
1259 2463 1365 2534 eade.
1380 2489 1436 2556 g.‚

284 2669 288 2676 ,
368 2593 567 2687 quinetiam
592 2593 631 2661 ad
658 2591 786 2674 13558,
816 2592 872 2660 nbi
896 2601 1006 2660 tamen
1030 2592 1125 2661 silent
1145 2590 1283 2659 codices.
1319 2590 1438 2682 Neque

368 2741 482 2790 uersus
513 2719 567 2787 ille
595 2739 714 2816 ¹eorum
744 2718 801 2810 qui
830 2718 869 2788 de
897 2718 1028 2786 navium
1053 2717 1191 2787 statione
1215 2726 1332 2805 agunt,
1358 2738 1438 2804 gra·

368 2817 520 2916 sissimus
556 2844 618 2912 dici
652 2853 779 2932 potest,
823 2843 924 2911 immo
959 2864 1035 2911 vero
1070 2842 1154 2910 hanc
1186 2841 1436 2910 annotationem

287 2995 291 3004 ·
368 2969 478 3061 potius
502 2967 712 3058 exspectabas
736 2968 777 3037 ad
800 2976 833 3032 Λ
857 2967 893 3050 6,
919 2966 975 3036 ubi
994 2966 1189 3056 praecipuos
1203 2964 1325 3038 ordinis
1338 2966 1437 3036 locos

367 3103 463 3182 poeta
496 3101 747 3172 commemorat,
780 3091 923 3161 medium
946 3092 1020 3161 volo
1044 3092 1154 3159 iocum
1178 3111 1276 3182 quem
1299 3091 1437 3162 tenebat

367 3216 498 3307 Ulysses
524 3225 556 3284 et
580 3226 759 3307 utrumque
783 3239 905 3299 cornu,
931 3191 1074 3308 quorum
1099 3218 1249 3286 dextrum
1272 3217 1435 3302 achilles,

366 3339 441 3407 Aiax
487 3339 669 3408 Telamonis
709 3340 795 3409 filius
832 3341 1007 3410 sinistrum
1039 3342 1217 3412 tutabatur.
1264 3342 1437 3414 Invenitur

365 3464 496 3554 quidem
521 3466 562 3534 ad
585 3463 695 3534 locum
720 3466 889 3534 laudatum
913 3465 1076 3535 scholium
1100 3466 1198 3536 hoce:

363 3598 413 3662 ὅτι
449 3599 483 3664 ἓν
518 3596 602 3682 μέσῳ
638 3600 695 3670 τὰς
732 3591 908 3671 Ὀδυσσέως
944 3598 1157 3678 ὑποτίθεται,
1195 3593 1245 3679 ἐφ’
1268 3595 1429 3682 ἑκατέρου

364 3721 399 3786 δὲ
425 3719 558 3806 κέρατος
582 3725 640 3798 τὰς
664 3717 849 3807 Ἀχιλλέως
873 3722 928 3788 καὶ
952 3722 1104 3800 Αἴαντος

363 3850 397 3909 at
430 3840 608 3909 Aristarchi
639 3842 870 3920 commentatio
903 3842 1158 3934 chorographica
1182 3843 1309 3940 silentio
1333 3866 1433 3934 prae-

364 3965 490 4032 teritur.
537 3965 649 4054 Itaque
680 3987 817 4056 prorsus
849 3988 915 4036 non
946 3967 1055 4050 video,
1089 3989 1187 4057 quam
1219 3968 1261 4036 oh
1294 3990 1430 4038 causam

363 4089 404 4157 ad
428 4097 460 4154 K
482 4087 525 4157 53
547 4089 757 4180 potissimum
780 4101 856 4161 nota
880 4091 933 4160 illa
957 4092 1119 4182 adscripta
1145 4093 1195 4160 sit.
