3196 5292
668 673 713 747 19

179 898 403 977 ναυστάθμου,
439 883 486 961 ὧν
521 896 612 974 ἐκτός
646 899 703 964 οδκ
735 897 775 983 ἦν
810 907 900 977 ναῦς.
934 905 1010 972 ὅσον
1045 898 1114 984 οὖν,
1140 908 1238 992 φησί,

177 1023 280 1102 στόμα
300 1017 501 1087 συνέκλειον
536 1025 572 1087 αί
603 1027 702 1108 ἄκραι
737 1034 794 1111 τῆς
817 1031 947 1110 ἠιόνος,
974 1023 1142 1100 τουτέστιν
1170 1035 1238 1098 ἀπό

174 1153 230 1214 τοῦ
252 1149 323 1226 ἑνός
344 1145 442 1235 κέρως
466 1147 520 1215 ἐπί
544 1149 580 1216 τό
606 1147 727 1235 ἕτερον.
997 1227 1001 1238 ,

218 1270 250 1341 si
282 1269 364 1340 ittud
398 1274 469 1351 ne,
506 1292 620 1362 equo
644 1271 830 1363 proximum
854 1273 1014 1342 scholium
1037 1273 1167 1365 incipit,
1191 1276 1231 1345 nd

174 1398 283 1489 diplen
320 1399 416 1468 debet
450 1397 563 1467 referri
599 1397 701 1468 textui
735 1397 919 1490 appositam
955 1399 1011 1490 (os.
1045 1377 1231 1468 Dindorfius

173 1523 274 1592 Praei.
304 1523 346 1591 ad
376 1521 446 1592 Vol.
477 1523 490 1590 Ι
517 1545 549 1613 p.
573 1509 649 1614 19),
674 1523 753 1592 haec
777 1524 961 1594 observatio
985 1546 1024 1593 ex
1048 1525 1231 1594 Aristonico

172 1649 272 1742 petita
307 1660 357 1719 est
390 1659 488 1740 atque
522 1648 621 1738 igitur
657 1659 825 1719 auctorem
852 1649 967 1718 habuit
989 1649 1231 1732 Aristarchum,

171 1797 270 1868 quern
295 1749 378 1846 ¹ooll.
414 1776 514 1845 schol.
540 1782 577 1847 Α
609 1774 766 1865 suspicari
789 1774 863 1843 licet
887 1773 934 1842 sie
956 1775 1024 1842 fere
1047 1773 1232 1865 scripsisse:

171 1914 193 1991 η
213 1903 295 1986 ἠιὼν
320 1905 383 1992 είχε
418 1903 591 1988 κοιλότητα
616 1906 695 1989 πρός
719 1906 757 1970 τό
782 1904 1044 1988 καόορμίζεσδαι
1070 1904 1127 1980 τός
1151 1905 1233 1979 ναῦς

173 2026 305 2118 (additis
327 2030 360 2104 Ξ
383 2024 426 2094 35
450 2028 513 2117 sq.)
539 2074 662 2096 ......
686 2033 722 2095 αἱ
749 2036 805 2095 τοῦ
842 2027 1089 2112 Ἑλλησπόντου
1111 2032 1231 2114 ἄκραι,

170 2160 207 2225 τό
230 2158 394 2225 Ῥοίτειον
430 2161 485 2222 καί
520 2160 556 2222 τό
591 2158 727 2236 Σίγειον
752 2152 834 2240 ἦσαν
858 2159 899 2222 τοί
923 2155 1045 2242 κέρατα
1070 2163 1126 2224 τοῦ
1154 2181 1232 2223 ναυ-

170 2290 332 2370 στάθμου,
360 2277 406 2352 ὧν
431 2287 521 2361 ἐκτός
544 2280 602 2350 οὐκ
626 2280 666 2367 ἦν
691 2287 780 2359 ναός.

216 2406 324 2476 Talem
358 2405 489 2497 quidem
524 2404 758 2496 expositionem
798 2413 914 2473 natura
939 2425 998 2472 suc
1020 2403 1232 2495 disputationi

169 2532 210 2601 de
232 2530 399 2624 navalibus
422 2529 544 2621 optime
568 2529 738 2599 convenire
762 2551 828 2621 quo
848 2530 947 2598 modo
966 2529 1076 2619 negari
1099 2533 1231 2621 potest?

167 2653 246 2736 Quis
268 2673 346 2724 vero
370 2655 430 2724 hac
452 2654 611 2724 sententia
638 2655 815 2725 testimonii
837 2657 910 2725 loeo
929 2656 978 2725 uti
997 2659 1229 2726 nonveretnr‘?

212 2778 1302 2876 mmmfflmmwm·

166 2925 250 2996 quac
283 2904 317 2972 in
350 2903 456 2973 Iliadis
486 2904 569 2974 libro
603 2905 755 2976 vicesimo
792 2906 903 2989 tertio,
929 2907 984 2976 ubi
1007 2908 1169 2977 habentur
1192 2908 1225 2977 in

164 3031 325 3100 honorem
347 3027 486 3098 Patrocli
510 3029 683 3099 certamina

211 3161 243 3226 οί
265 3155 295 3224 δ’
307 3161 375 3243 ἅμα
399 3165 518 3235 πάντες
542 3159 591 3242 ἐφ’
613 3161 748 3228 ίπποιιν
772 3168 930 3246 μάστιγας
952 3170 1083 3250 ἄειραν,

210 3283 378 3371 πέπληγόν
391 3283 427 3351 θ’
441 3288 562 3369 ἱμᾶσιν,
573 3286 756 3374 ὁμοκλησόιν
770 3287 799 3353 τ’
812 3288 958 3356 ἐπέεσσιν
972 3285 1016 3376 (i.
1030 3316 1064 3356 τε
1078 3291 1222 3368 ἔπεσσιν)

209 3410 397 3493 ἐσσυμένως.
421 3413 453 3476 οἱ
476 3411 504 3477 δ’
515 3403 585 3478 ὦκα
609 3413 802 3500 διέπρησσον
827 3416 955 3486 πεδίοιο

210 3541 304 3620 νόσφι
317 3540 412 3605 ’νεῶν
437 3536 578 3624 ταχέως,

209 3658 249 3727 ad
272 3679 318 3727 vs.
342 3657 408 3728 365
430 3659 463 3727 in
485 3658 608 3729 Veneto
632 3662 811 3751 Brepperi
835 3669 928 3748 νόσφι
958 3664 1056 3746 νεῶν)
1084 3669 1225 3752 ἤρξαντο

161 3793 223 3874 μέν
257 3791 323 3856 α’πό
356 3793 514 3872 Σιγείου,
552 3792 639 3859 ἔνθα
663 3787 704 3874 ἦν
729 3787 927 3878 Ἀχιλλεύς,
954 3792 1086 3877 ἔτρεχον
1111 3791 1146 3856 δέ
1171 3793 1225 3857 ἐπὶ

162 3919 200 3982 τό
236 3915 412 3982 Ῥοίτειον·
450 3920 566 4000 νόσφιν
602 3909 659 3983 οὖν
695 3916 778 3983 νεῶν
812 3915 878 3983 τῶν
911 3919 990 4002 πρός
1014 3921 1058 4002 τῷ
1083 3916 1224 4003 αἰγιαλῷ

164 4039 425 4125 νεωλκηόεισὼν.
460 4045 544 4108 κατὰ
580 4041 613 4107 δὲ
649 4043 870 4130 Ἀρίσταρχον
894 4047 913 4110 ό
940 4044 1054 4129 δρόμος
1089 4041 1223 4126 μέμονεν

172 4167 207 4232 ἐν
232 4171 276 4250 τῷ
300 4167 364 4232 α’πό
389 4173 445 4234 τοῦ
469 4169 595 4253 τείχους
619 4169 812 4254 διαστήματι
835 4176 912 4256 ἄχρι
935 4178 991 4253 τῆς
1014 4170 1189 4258 θαλάσσης.
