3196 5292
655 683 699 752 35

140 908 265 992 φησιν,
292 903 364 988 ἑξῆς
389 903 423 970 δὲ
450 907 508 980 τάς
531 906 610 989 πρὸς
634 911 673 987 τῇ
696 899 857 989 θαλάσσῃ·
881 908 977 985 „virro
999 904 1071 968 ὅσαι
1085 904 1212 986 πρῶται

141 1036 295 1116 εἰρύαται
319 1035 398 1117 άχχι
422 1027 589 1116 θαλάσσης
597 1023 630 1106 ,”

139 1151 189 1220 de
219 1150 338 1240 quibus
363 1150 494 1219 scholiis
519 1149 670 1222 Lehrsius
695 1145 850 1217 disseruit
872 1145 960 1216 hisce
983 1146 1090 1216 verbis
1115 1133 1213 1216 usus:

146 1272 409 1344 «Autochthonis
430 1273 603 1365 explicatio
624 1282 763 1354 seruata,
785 1268 963 1340 Aristarchi
976 1269 1108 1352 amissa,
1130 1291 1215 1361 quae

144 1409 258 1468 tamen
292 1398 332 1466 ab
366 1397 420 1466 illa
455 1397 579 1467 diversa
614 1407 699 1478 erat,
745 1395 834 1486 quod
869 1395 943 1466 inde
977 1405 1084 1486 patet,
1124 1397 1214 1486 quod

146 1531 335 1615 πρύμνῃσιν
358 1521 531 1603 intellexit,
557 1534 594 1591 ut
617 1522 713 1591 debet
728 1519 862 1609 intelligi
881 1540 1027 1611 upuppcs
1044 1519 1211 1604 navium»,

143 1667 216 1716 non
242 1657 423 1716 «extremae
446 1665 576 1729 naues»,
601 1645 664 1716 vid.
684 1645 850 1736 egregium
863 1645 1036 1715 llerodiani
1053 1645 1212 1716 scholium

143 1770 190 1840 ad
213 1791 259 1838 vs.
284 1768 327 1838 32
350 1769 384 1838 in
407 1770 532 1854 Veneto
554 1769 598 1838 t:

146 1900 435 1986 παροξοτονητέον
448 1902 484 1967 τὸ
497 1903 694 1986 πρύμνῃσιν.
718 1906 849 1986 Κράτης
860 1898 973 1984 μέντοι
990 1911 1212 1989 προπεριοπᾷ,

145 2023 276 2094 αἰιοάοον
311 2027 363 2092 ἐπὶ
400 2034 472 2103 ταῖς
496 2028 666 2113 ἐσχάταις,
696 2023 880 2112 πλανηθεὶς
904 2028 939 2090 ἐκ
966 2027 1021 2092 τοῦ
1047 2026 1128 2102 „felc
1152 2028 1213 2112 γάρ

145 2155 281 2238 πρώτας
315 2147 465 2218 πεδίονδε
502 2145 666 2237 εἰ’ρνσαν·”
697 2152 812 2232 α’γνοεῖ
833 2148 866 2214 δὲ
891 2151 942 2216 ὅτι
967 2153 985 2215 o‘
1008 2155 1146 2234 ποιητὴς
1170 2155 1215 2227 ὥς

147 2281 204 2345 ἐπὶ
247 2278 283 2343 τὸ
328 2275 412 2343 nott
442 2280 478 2342 τὸ
520 2277 666 2362 πρυμνὸν
706 2278 743 2343 οὐ
774 2277 909 2362 τίθησιν
946 2276 999 2342 ἐπὶ
1037 2275 1213 2353 διεστῶτος

147 2404 315 2486 σώματος,
351 2395 424 2466 ἀλλ’
460 2404 513 2468 ἐπὶ
550 2398 729 2486 ἡνωμένον·
765 2404 934 2487 ,,πρνμνὸν
965 2405 1048 2490 ὑπὲρ
1070 2403 1214 2489 θέναρος

149 2522 197 2612 (Ε
218 2520 312 2614 339),
338 2534 394 2595 τοῦ
407 2524 509 2595 δὀἷπὸ
519 2530 579 2612 μὲν
592 2527 743 2608 γλῶσσαν
757 2532 908 2614 πρυμνὴν
922 2534 999 2613 τάμε
1014 2524 1104 2615 (ibid.
1118 2524 1211 2616 292),

146 2655 301 2738 πρυμνὴν
326 2647 560 2737 εἰιτάμνοντες”
588 2649 647 2739 (Μ
667 2647 781 2739 Mill».

194 2771 240 2842 ut.
265 2772 355 2863 quod
378 2772 418 2841 ad
442 2772 581 2842 eundem
605 2773 714 2842 locum
738 2772 886 2864 perhibet
908 2775 1050 2843 lleuctus
1076 2784 1131 2845 B:

146 2903 240 2978 τινὲς
262 2899 560 2987 προπεριέσπασαν,
586 2905 738 2989 ἐσχάταις
763 2903 987 2991 ἐκδεχόμενοι,
1018 2906 1076 2991 οὐχ
1100 2907 1213 2984 ὑγιῶς.

147 3029 335 3113 πρύμνῃσιν
360 3019 416 3093 οὖν
441 3034 514 3102 ταῖς
536 3031 717 3113 πρύμναις,
741 3029 796 3095 καὶ
821 3029 910 3097 ἔστιν
935 3037 956 3116 ἦ
981 3030 1035 3096 ἐπί
1060 3031 1136 3097 αντὶ
1159 3038 1214 3113 τῆς

147 3155 253 3236 παρά·
290 3153 325 3220 οὐ
354 3150 493 3218 δύναται
524 3148 559 3214 δὲ
592 3160 664 3229 ταῖς
697 3157 864 3242 ἐσχάταις·
897 3156 934 3221 οὐ
969 3158 1030 3241 γάρ
1063 3157 1213 3240 πρυμνὸν

47 3346 55 3356 ,
147 3274 232 3342 ἄλλο
267 3275 386 3352 ἄλλον,
423 3271 496 3342 a‘tt'
531 3278 610 3345 αὐτὸ
648 3279 785 3347 ἑαυτοῦ·
810 3281 958 3363 πρυμνὸν
984 3279 1018 3346 tt
1043 3279 1155 3356 σκέλος
1178 3282 1213 3346 τό

148 3403 224 3487 περὶ
248 3405 355 3485 ἄκραν
381 3406 440 3486 τὴν
465 3407 637 3487 σάρκωσιν.

195 3522 346 3591 Ceterum
379 3522 469 3612 quod
500 3523 539 3592 ad
570 3534 798 3612 argumentum
824 3524 863 3593 de
887 3545 954 3615 quo
977 3545 1065 3593 nunc
1088 3525 1214 3614 agimus

149 3645 307 3738 pertinet,
333 3645 443 3737 paullo
468 3646 640 3716 obscurius
665 3668 771 3738 neque
795 3648 873 3718 satis
891 3649 1043 3719 distincte
1058 3649 1216 3718 Friedrei·

150 3770 251 3840 chius
268 3770 301 3839 in
321 3770 421 3852 libro,
444 3771 496 3840 cui
516 3771 631 3842 titulus
654 3782 704 3841 est
723 3772 779 3842 Die
792 3744 972 3843 neartan'in
993 3774 1134 3843 derllias
1148 3774 1216 3843 und

151 3894 291 3986 Odyssea
311 3916 344 3985 p.
365 3893 431 3964 382
446 3905 478 3964 et
490 3895 707 3966 Buchholzius
721 3898 791 3967 Vol.
804 3899 832 3980 l,
847 3899 879 3966 P.
894 3899 923 3972 l.
938 3921 969 3989 p.
984 3897 1213 3968 alcoranum

152 4041 328 4090 numerum
343 4020 522 4111 designant.
544 4019 714 4091 Existimat
727 4022 858 4112 quidem
872 4033 1021 4113 uterque,
1035 4042 1091 4091 eos
1104 4022 1216 4112 plures

154 4146 273 4228 luisse,
309 4167 385 4216 mox
410 4167 486 4216 vero
514 4148 697 4238 loquuntur
714 4146 775 4216 uiri
794 4146 882 4216 docti
903 4147 941 4215 de
961 4143 1073 4224 ordine
1092 4143 1217 4235 primo,
