3196 5292
689 679 733 748 39

178 896 405 986 similibusque
440 893 519 984 quid
553 893 586 962 in
620 891 800 962 Aristarchi
834 892 1094 982 disquisitionem
1126 893 1245 962 choro·

178 1021 367 1113 graphicum
392 1018 560 1089 transferri
582 995 704 1107 possit,
728 1019 794 1085 iam
817 1017 1073 1086 consideremus.

223 1148 270 1215 Re
303 1146 393 1215 irrita
419 1143 534 1233 legati,
559 1143 599 1211 ad
622 1142 778 1212 Achillem
802 1143 998 1232 placandum
1021 1141 1129 1222 missi,
1152 1137 1237 1210 libro

178 1292 268 1340 nono
303 1269 486 1350 redierunt,
527 1288 593 1357 quo
628 1268 764 1337 adverso
799 1278 917 1336 eventu
952 1268 1175 1355 Agamemnon
1210 1275 1244 1334 et

179 1395 345 1464 Menelaus
379 1394 518 1464 manime
548 1391 659 1461 alllioti
681 1411 720 1461 eo
744 1391 962 1472 adducuntur,
987 1401 1025 1459 ut
1047 1389 1244 1459 Achivorum

180 1541 275 1610 reges
298 1521 339 1590 ad
362 1517 535 1589 eonsilium
557 1529 690 1599 rouent;
714 1518 787 1588 ἀλλ’
812 1522 866 1587 ’lta
891 1525 960 1597 νῦν,
985 1515 1091 1607 inquit
1114 1514 1168 1583 ille

555 1647 695 1714 Αίαντα
719 1650 775 1714 καί
798 1646 974 1730 Ἰδομενῆα
998 1640 1154 1713 κάλεσσον

217 1835 219 1840 .
271 1773 372 1858 ῥίμφα
395 1773 484 1840 δέων
507 1776 597 1857 παρὰ
620 1777 701 1853 νῆας

180 1901 216 1959 Κ
236 1892 301 1978 53,
326 1892 383 1961 uhi
406 1891 439 1960 in
462 1892 584 1960 Veneto
608 1897 645 1963 Α
670 1890 826 1978 legimus:

88 2043 91 2048 '
179 2026 231 2092 δτι
268 2025 302 2088 ἐκ
338 2026 461 2089 τοιίτων
497 2025 553 2087 καί
587 2024 743 2088 τοιοιίτων
777 2020 818 2086 τά
851 2023 1003 2102 περὶτοῦ
1029 2024 1244 2104 ναυστάθμου
1342 2101 1347 2110 ,

179 2151 198 2212 o‘
222 2144 441 2234 Ἀρίσταρχος
465 2148 763 2233 ἐπραγματεύσατο.
787 2147 891 2232 ῥητῶς
914 2150 975 2233 γάρ
1004 2145 1135 2227 λέγεται
1160 2145 1243 2234 πλη-

180 2273 252 2339 σίον
276 2278 331 2339 τοῦ
354 2272 508 2347 Αίαντος
531 2274 550 2337 o‘
572 2270 753 2356 Ἰδομενεδς
778 2271 1049 2360 νενεωλκηκίναι.

226 2390 271 2461 Cl.
308 2413 391 2482 quae
425 2391 459 2462 in
488 2393 603 2482 eodem
627 2391 710 2474 libro
734 2414 781 2462 vs.
806 2393 871 2462 tot
894 2394 1013 2464 Nestor
1035 2415 1133 2484 quem
1158 2394 1245 2485 apud

182 2514 360 2585 tentorium
385 2515 507 2585 invenit
530 2511 772 2605 Agamemnon,
795 2519 971 2608 respondet
995 2519 1143 2588 Atridae:

181 2639 256 2710 108.
281 2649 330 2714 σοί
345 2645 379 2712 δέ
391 2645 468 2730 μάλ’
482 2644 581 2733 ἕψομ’
592 2649 670 2725 ἐγώ·
683 2650 759 2714 ποτὶ
772 2644 802 2713 δ’
816 2639 859 2712 αδ
870 2652 925 2712 καί
939 2649 1101 2734 ἐγείρομεν
1113 2647 1243 2724 ἄλλους,

280 2771 360 2854 ἠμὲν
384 2769 548 2858 Τυδείδην
573 2771 788 2857 δουρικλυτὸν
817 2770 868 2858 ἠδ’
893 2771 1034 2861 Ὀδυσῆα

280 2891 333 2979 ἠδ’
355 2897 497 2965 Αίαντα
521 2900 626 2983 ταχύν
651 2899 708 2964 καί
732 2894 860 2976 Φυλέος
883 2897 1024 2985 ἄλκιμον
1049 2903 1132 2968 νίόν.

279 3015 351 3084 ἀλλ’
378 3021 407 3086 εί
430 3047 480 3098 τις
503 3023 559 3086 καί
584 3022 698 3089 τοιίσδε
720 3029 946 3113 μετοιχόμενος
970 3024 1153 3106 καλέσειεν,

280 3146 440 3214 ἀντίθεόν
464 3143 493 3215 τ’
517 3147 658 3214 Αἰἀντα
682 3151 737 3214 καί
762 3145 935 3236 Ἰδομενῆα
959 3157 1101 3219 ἄνακτα·

279 3273 345 3342 τῶν
370 3277 431 3359 γάρ
456 3280 529 3357 νῆες
553 3274 645 3340 ἑάσιν
669 3277 854 3353 ἑκαστάτω,
878 3275 952 3344 οὐδὲ
971 3274 1049 3362 μάλ’
1073 3279 1187 3357 lyrein,

179 3407 213 3466 et
237 3395 337 3463 schol.
360 3401 398 3466 A
424 3396 464 3464 ad
488 3392 625 3462 Ktlt:
718 3401 719 3406 ’

178 3525 259 3609 πρὸς
282 3527 322 3590 τὰ
346 3528 419 3611 περί
443 3532 498 3590 τοῦ
523 3529 757 3607 ναυστάθμου,
780 3526 831 3590 ὅτι
855 3523 994 3611 πλησίον
1016 3528 1037 3590 δ
1050 3523 1243 3608 ΙἸδομενεδς

180 3648 334 3725 Λίαντσς
356 3654 413 3716 τοῦ
437 3646 652 3733 Τελαμωνίου
676 3647 916 3733 ε’νενεωλκήκει.

225 3768 287 3838 Sed
310 3769 456 3842 nondum
480 3789 592 3837 earnm
616 3769 864 3840 annotationum
887 3791 970 3861 quae
997 3771 1061 3840 huo
1080 3755 1244 3862 pertinent

181 3892 309 3984 copiam
332 3893 552 3964 exhausimus.
590 3894 728 3980 ⁴Etenim
751 3893 784 3964 in
806 3895 890 3966 libro
915 3896 1028 3978 tertio,
1053 3896 1110 3965 ubi
1128 3897 1244 3968 sedens

180 4017 213 4086 in
249 4017 332 4085 turri
356 4017 474 4088 Helena
497 4019 614 4090 heroes
637 4019 783 4089 Danaum
806 4020 933 4090 Priamo
956 4030 1118 4091 monstrat
1139 4020 1245 4090 nomi-

180 4117 320 4233 nuque,
346 4154 380 4213 et
404 4144 473 4214 seni
497 4144 727 4234 interroganti:
