3162 5294
902 691 945 762 86

505 915 536 978 οί
562 912 597 978 δέ
621 910 700 998 παρ’
723 911 820 981 ’Ἶλον
842 921 926 1001 σήμα
949 913 1094 981 παλαιοῦ
1118 912 1352 1002 Δαρδανίδαο,

505 1035 622 1122 μέσσον
646 1043 715 1106 κὰπ
738 1040 867 1118 πεδίον,
894 1037 972 1128 παρ’
997 1043 1121 1127 ἐρινεόν
1146 1042 1312 1108 ίσσειίοντο

508 1165 628 1250 ἱέμενοι
651 1164 773 1242 πόλιος.
814 1165 820 1176 ’

441 1288 524 1358 Nota
546 1309 629 1380 quae
652 1287 818 1358 Nicanoris
835 1297 909 1370 jest,
935 1288 981 1358 sic
1005 1309 1041 1357 se
1066 1286 1182 1355 habet:

398 1418 490 1505 μέχρι
526 1424 582 1486 τοῦ
616 1416 733 1503 μέσσον
771 1420 838 1486 κὰπ
871 1419 986 1488 πεδίον
1022 1418 1222 1497 συναπτέον,
1257 1414 1327 1482 εἷτα
1356 1419 1466 1503 βραχύ

398 1543 628 1612 διασταλτέον·
652 1547 671 1610 o‘
697 1553 758 1632 γὰρ
783 1549 903 1633 ἐρινεός
928 1545 985 1612 οὐκ
1009 1549 1045 1613 έν
1069 1541 1155 1631 μέσῳ
1179 1549 1223 1630 τῷ
1248 1544 1370 1629 πεδίῳ,
1390 1540 1464 1608 ἀλλ’

401 1672 495 1753 ε’γγδς
519 1679 574 1754 τής
597 1670 732 1748 πόλεως·

511 1796 591 1866 λαόν
616 1798 650 1864 δὲ
675 1805 790 1880 στήσον
814 1793 890 1883 παρ’
918 1800 1058 1885 ἐρινεόν,
1084 1797 1170 1865 ἔνθα
1193 1794 1334 1880 μάλιστα

511 1924 655 2010 οίμβατόι,Ι
680 1927 747 1989 ἔστι
771 1921 865 2000 πόλις
891 1919 935 2009 (Ζ
956 1918 1037 2010 433)

401 2050 456 2112 καί
479 2047 624 2136 οίλλαχοΐι

534 2178 565 2241 οί
587 2175 621 2242 δέ
645 2179 734 2259 παρὰ
759 2181 897 2258 σκοπιήν
921 2179 977 2239 καί
1002 2175 1126 2262 ἐρινεόν
1153 2172 1204 2261 (Χ
1226 2169 1318 2260 145).

400 2305 504 2366 ταῦτα
526 2304 586 2383 μὲν
609 2304 661 2367 ότι
684 2300 823 2387 πλησίον
848 2308 904 2368 τοῦ
928 2303 1055 2388 τείχους
1078 2303 1097 2366 ό
1120 2303 1251 2387 ἐρινεός.
1274 2303 1325 2367 ότι
1350 2299 1387 2366 δὲ
1408 2303 1466 2364 καί

403 2426 437 2491 έν
471 2425 556 2510 μέσῳ
590 2433 634 2512 τῷ
670 2425 772 2511 πεδίῳ
808 2430 873 2492 ε’στί
910 2426 945 2492 τό
980 2425 1079 2494 Ἴλου
1114 2434 1214 2512 σῆμα,
1251 2427 1395 2513 φανερόν
1434 2427 1468 2503 ἐξ

404 2552 529 2619 ἐκείνου
596 2585 599 2592 ·

508 2676 637 2765 εἙκτοορ
659 2683 823 2764 μὲνμετὰ
847 2687 972 2758 τοῖσιν,
998 2681 1066 2745 ὅσοι
1085 2678 1293 2766 ’βουληφόροι
1317 2680 1421 2756 εἰσίν,

403 2804 523 2890 βουλὰς
556 2804 702 2892 βουλεύει
737 2807 832 2873 θείου
871 2809 960 2893 παρὰ
995 2811 1112 2891 σήματι
1143 2801 1252 2872 Ἴλου.
1278 2798 1421 2890 (Κ414)

405 2930 639 3009 ἐπαυλίζονται
663 2932 698 2999 δὲ
723 2935 757 3000 έν
781 2932 865 3018 μέσῳ
889 2937 934 3017 τῷ
959 2931 1060 3018 πεδίῳ
1084 2934 1137 2996 ε’πί
1163 2935 1219 2998 τοῦ
1242 2936 1395 3018 θρῳσμοῦ

449 3058 505 3123 οὐκ
529 3057 610 3133 οίίεις
634 3058 676 3134 ὥς
699 3057 807 3145 Τρῶες
831 3061 885 3125 ἐπί
909 3060 1047 3144 θρωσμῷ
1070 3057 1196 3124 πεδίοιο
1221 3053 1314 3146 (ibid.
1335 3051 1421 3143 460)

407 3185 423 3247 ὃ
447 3211 480 3249 τε
506 3181 729 3268 Ἀλέξανδρος
754 3188 788 3253 ἐν
812 3183 914 3272 ταιίτῃ
938 3191 979 3270 τῇ
1002 3185 1157 3272 ῥαψῳδίᾳ
1181 3185 1303 3260 τοξειίει

509 3310 606 3398 στήλῃ
629 3310 816 3396 κεκλιμένος
838 3307 937 3376 Ἴλου
962 3303 1175 3396 Δαρδανίδαο
1202 3303 1251 3393 (Λ
1272 3301 1350 3392 374)

406 3446 425 3521 ή
449 3438 483 3503 δέ
506 3447 591 3523 μάχη
615 3439 649 3506 ἒν
673 3439 717 3521 τῷ
741 3434 854 3524 πεδίῳ.
878 3437 1062 3504 συναπτέον
1076 3429 1134 3503 οὖν
1146 3437 1467 3517 ἀναγιγνώσκοντας

406 3564 466 3639 ἕως
489 3570 543 3629 τοῦ
574 3563 690 3646 μέσσον
725 3566 793 3631 κὰπ
823 3563 955 3638 πεδίον,
988 3559 1059 3629 εἶτα
1086 3564 1189 3649 βραχδ
1214 3555 1468 3632 διαστείλαντας

408 3695 448 3755 τό
479 3690 549 3770 ἑξής
581 3689 711 3776 ῥητέον·
749 3693 803 3755 καί
835 3691 933 3764 οίίτοος
966 3687 1145 3773 λυθήσεται
1178 3691 1214 3753 τό
1247 3691 1282 3755 ἓν
1307 3689 1352 3770 τῷ
1377 3689 1467 3768 τόπῳ

407 3819 532 3898 ἄπορον
557 3817 609 3878 καί
632 3813 730 3882 ’Ἶλον
755 3822 837 3898 σήμα
861 3817 916 3880 καί
939 3816 1036 3898 μέσον
1060 3814 1173 3881 πεδίον
1199 3818 1253 3880 καί
1271 3815 1394 3896 ἐρινεός
1413 3812 1466 3878 καί

410 3944 431 4022 ή
453 3936 547 4013 πόλις
571 3939 605 4004 ἐν
630 3941 747 4024 ταύτῷ.
773 3941 992 4028 παρέρχονται
1014 3945 1074 4026 μέν
1091 3945 1152 4028 μὰρ
1169 3944 1205 4007 τό
1222 3941 1319 4026 μέσον
1336 3940 1464 4009 πεδίον.

412 4067 446 4134 ἐν
472 4053 499 4150 ᾧ
520 4065 556 4128 τό
579 4062 675 4130 Ἴλου
698 4072 796 4150 σήμα,
818 4073 967 4134 σετίονται
992 4067 1025 4133 δὲ
1050 4069 1128 4152 πρὸς
1152 4071 1209 4135 τόν
1235 4069 1376 4151 ἐρινεόν,
1403 4069 1467 4132 ίέν·

421 4210 476 4253 ται
500 4184 534 4252 δὲ
559 4195 614 4270 τῆς
637 4186 767 4264 πόλεως.
789 4193 832 4266 ιός
855 4195 883 4256 εἷ
907 4194 1006 4268 οὕτως
1030 4189 1158 4274 ἔλεγεν,
1177 4197 1209 4259 οί
1232 4192 1266 4259 δὲ
1291 4192 1346 4259 διὰ
1369 4187 1467 4277 μέσον
