3162 5294
632 661 674 732 67

131 881 307 956 διάνοιαν,
343 887 498 966 τοιαιίτην
529 873 642 951 οὖσαν·
673 885 750 950 ὅσον
782 892 803 968 η’
833 890 955 970 τάφρος
985 883 1098 974 οίπὲχει
1130 893 1185 954 τοῦ

129 1012 256 1097 τείχους
287 1010 341 1075 καί
372 1011 437 1076 τῶν
469 1011 577 1096 νηῶν,
611 1013 705 1076 τοῶτο
738 1007 855 1094 πλῆρες
878 1007 917 1094 ἦν
941 1010 1049 1090 πεζῶν
1072 1037 1106 1078 τε
1130 1012 1185 1078 καί

126 1141 257 1215 ἰ’ππιον,
288 1135 457 1212 λείποντος
487 1141 543 1204 τοῦ
582 1140 637 1202 καί
675 1132 866 1219 συνδέσμου·
899 1131 991 1221 (tegit
1020 1131 1120 1220 igitur
1150 1139 1184 1202 ἐκ

129 1265 219 1348 νηῶν
242 1264 307 1328 οίπὸ
331 1255 479 1348 πύρνων)
503 1263 539 1329 τό
563 1264 623 1346 γάρ
648 1260 758 1347 ἔέργίν
784 1262 850 1328 ε’στι
875 1261 1077 1347 περιῶριζευ.
1095 1264 1185 1338 ε’ντός

127 1393 195 1458 τῶν
219 1416 252 1456 τε
277 1379 364 1475 νηῶν
388 1391 443 1454 καί
467 1391 523 1454 τοῶ
540 1388 666 1474 τείχους
685 1384 806 1470 μεταξδ
822 1389 918 1454 κενὸν
937 1384 977 1471 ἦν
993 1391 1037 1462 εἷς
1054 1384 1184 1461 δίοδον,

129 1522 164 1588 τά
187 1521 247 1604 μὲν
272 1516 395 1591 πλάτος
419 1515 615 1600 πλεθριαῖον
638 1513 805 1600 ὑπάρχον,
832 1512 867 1579 τὸ
885 1513 920 1579 δὲ
930 1519 1033 1598 μῆνας
1050 1509 1094 1577 δι’
1105 1511 1184 1580 ὅλου

128 1653 183 1714 τοῦ
215 1650 440 1729 ναυστάθμου.
476 1641 578 1709 πάλιν
612 1637 647 1708 δὲ
679 1641 779 1716 οὕτως
803 1643 859 1706 τοῦ
883 1639 1008 1725 τείχους
1032 1639 1121 1714 εἰιτδς
1143 1634 1184 1724 ἦν

129 1773 290 1859 διάστημα
333 1771 458 1858 βραχδ,
492 1769 566 1853 μεθ’
598 1767 660 1854 δη
694 1774 814 1854 τάφρος
857 1769 990 1850 ὤρνυτο.
1031 1747 1192 1836 τοσοῦτον

127 1896 239 1982 μέντοι
264 1897 383 1976 είιιίιζει
406 1896 442 1962 τδ
467 1894 626 1980 διάστημα
650 1895 754 1964 ιἰιεῒνσ
775 1897 820 1970 ὡς
844 1893 935 1970 ἐντὸς
958 1891 1074 1979 βέλους
1097 1889 1184 1961 εἶναι

129 2028 187 2108 τὴν
211 2029 349 2109 τάφρου,
382 2025 437 2090 καί
470 2024 677 2106 ἐφικνεῖσθαι
704 2023 744 2086 τά
767 2019 955 2108 βαλλόμενα
979 2026 1034 2088 τοῦ
1058 2017 1184 2108 τείχους

129 2151 192 2218 α’πὸ
216 2155 282 2218 τῶν
308 2149 484 2218 ἐπιόντων.
509 2151 675 2232 ἀμφότερα
698 2142 756 2216 οὖν
780 2151 820 2214 τά
845 2147 1049 2233 διαστήματα
1072 2147 1184 2215 ἑκατέ-

130 2284 233 2359 ρωθεν
258 2281 313 2342 τοῦ
338 2277 479 2362 τείχους,
504 2276 622 2359 τὸμὲν
646 2277 725 2360 πρὸς
748 2279 807 2358 τὴν
833 2280 974 2362 τάφρου,
998 2278 1034 2341 τὸ
1053 2278 1088 2343 δὲ
1105 2280 1183 2362 πρὸς

130 2405 184 2477 τὰς
207 2403 288 2478 ναῦς
312 2399 526 2486 ἐπεπλήρωτο.
550 2402 650 2479 οὕτως
673 2402 845 2485 Νικάνωρ.

170 2522 233 2592 Aut
279 2522 390 2616 fallor,
425 2531 483 2590 aut
518 2521 640 2590 subest
664 2522 716 2590 hic
746 2523 837 2592 locus
869 2523 1037 2605 laudatus,
1074 2525 1132 2616 qui
1165 2547 1182 2594 a

129 2648 229 2719 verbis
266 2654 358 2728 ἐντὸς
392 2653 458 2718 τῶν
494 2678 528 2718 τε
565 2655 653 2739 νηῶν
689 2646 831 2737 incipere
865 2645 1002 2716 videtur.
1054 2647 1182 2719 Etenim

31 2765 32 2768 ’
130 2776 213 2864 quod
246 2774 406 2847 intervalli
439 2773 576 2843 latitudo
611 2772 750 2842 indicata
780 2781 847 2853 est,
879 2771 941 2842 hoc
965 2792 1005 2840 eo
1030 2770 1120 2841 ducit
1144 2783 1183 2844 ut

130 2918 200 2968 eum
239 2901 349 2969 locum
392 2919 410 2967 e
451 2897 723 2968 commentatione
762 2875 905 2986 singulas
943 2897 983 2966 de
1016 2897 1182 2970 navalibus

131 3045 177 3093 res
219 3034 377 3094 tractante
420 3033 574 3116 tanquam
617 3027 707 3095 sonte
745 3044 892 3096 manasse
926 3035 1049 3114 putem.
1096 3025 1182 3096 Finis

132 3159 237 3220 contra
269 3149 385 3219 scholii
415 3149 503 3220 citati
536 3150 610 3219 inde
644 3148 684 3218 ab
716 3151 881 3239 α’μφότερα
907 3147 964 3222 οὖν
989 3157 1030 3221 τά
1052 3155 1183 3240 διαστη-

132 3305 212 3361 μαια
246 3274 438 3345 Nicanorem
472 3275 580 3366 ipsum
616 3283 784 3343 auctorem
806 3275 960 3344 habuisse
983 3276 1119 3359 videtur,
1146 3290 1183 3347 ut

133 3401 270 3470 conicere
293 3401 367 3470 licet
391 3422 430 3470 ex
452 3401 491 3472 iis
514 3422 598 3492 quae
621 3400 682 3470 levi
705 3401 803 3473 modo
827 3402 1008 3472 mutatione
1025 3403 1182 3473 coduntt

133 3524 288 3595 exhibent:

136 3652 208 3722 ἔνιοι
237 3656 271 3722 δὲ
304 3657 345 3720 τά
379 3656 435 3724 διίο
468 3655 672 3741 διαστήματα
711 3655 952 3744 πεπληρῶσθαί
990 3680 1068 3740 φασι
1099 3656 1181 3745 (τῶν

138 3777 295 3865 Ἕλλήνωυ
323 3777 393 3846 cod.
417 3779 476 3869 Α),
502 3787 538 3850 τό
561 3809 595 3849 τε
618 3780 683 3852 α’πδ
708 3785 772 3852 τῶν
798 3785 880 3850 νεῶν
903 3780 962 3861 ’ἕως
984 3791 1041 3850 τοῦ
1057 3787 1185 3872 τείχους

139 3909 187 3969 καί
215 3910 250 3973 τὸ
280 3909 345 3976 dno
376 3913 432 3977 τοῦ
464 3909 591 3997 τείχους
621 3909 681 3986 ἕως
712 3916 768 3993 τῆς
795 3916 918 3995 τάφρου
941 3905 973 3998 (ὃ
997 3911 1036 3995 δὴ
1061 3918 1186 3989 στεῖνος

139 4036 356 4122 προςανορειίει
381 4030 453 4101 cod.
475 4031 546 4120 Α.).

175 4150 257 4231 Quae
289 4154 389 4245 igitur
422 4154 456 4225 in
485 4155 571 4226 dicto
596 4155 735 4226 confinio
758 4158 920 4247 leguntur,
944 4179 983 4227 ex
1007 4157 1183 4228 Aristarchi
