3196 5292
492 1643 903 1720 INTRODUGTIO.

215 2266 330 2336 Nullus
374 2270 512 2337 sortasse
551 2278 699 2337 veterum
730 2269 928 2359 scriptorum
959 2270 1034 2339 inde
1065 2292 1082 2340 a
1113 2269 1230 2362 priscis

171 2389 375 2480 temporibus
400 2392 440 2460 ad
463 2403 608 2461 nostram
633 2414 739 2482 usque
762 2403 900 2463 aetatem
925 2403 1048 2464 tantam
1072 2397 1230 2466 derebus

171 2516 397 2586 diversissimis
429 2517 615 2608 disputandi
646 2517 924 2607 investigandique
946 2518 1114 2588 materiem
1138 2541 1232 2610 prae-

170 2642 260 2723 buit,
292 2651 447 2732 quantam
478 2652 566 2712 uates
598 2641 724 2711 divinus
756 2642 849 2710 cuius
872 2641 1066 2712 immortalia
1090 2641 1232 2711 carmina

172 2787 275 2856 aeque
309 2767 470 2836 iuventuti
505 2765 614 2856 poesis
654 2765 820 2834 studiosae
854 2786 891 2834 ac
923 2763 999 2834 viris
1035 2763 1231 2834 doctissimis

172 2901 325 2982 provecta
357 2901 461 2960 aetate
491 2889 588 2959 etiam
620 2889 761 2958 nuncin
785 2888 906 2966 deliciis
931 2898 1024 2971 sunt,
1053 2889 1232 2958 Homerum
1335 2909 1338 2914 ’

171 3018 257 3086 volo.
284 3016 396 3106 Neque
420 3016 453 3084 id
476 3014 596 3083 mirum
622 3013 718 3082 debet
741 3012 860 3094 videri,
884 3033 960 3080 nam
983 3021 1021 3080 ut
1045 3011 1231 3103 sintplures

173 3139 380 3230 quaestiones
401 3137 501 3207 veluti
521 3139 561 3207 de
581 3137 738 3207 sermonis
755 3136 970 3228 proprietate,
995 3138 1035 3206 de
1048 3137 1233 3207 conditione

173 3275 300 3347 textus,
325 3264 365 3333 de
389 3262 557 3352 scriptoris
583 3262 657 3331 stilo
681 3273 714 3330 et
737 3272 824 3343 arte,
842 3261 934 3352 epico
947 3271 1062 3352 poetae
1075 3283 1150 3330 cum
1163 3262 1232 3332 aliis

174 3386 389 3478 scriptoribus
433 3386 575 3475 antiquis
617 3386 822 3468 communes,
868 3397 945 3454 sunt
984 3396 1091 3454 tamen
1126 3399 1233 3456 certae

175 3511 333 3601 quaedam
364 3509 605 3603 controuersiae
636 3531 720 3600 quae
750 3510 796 3578 illi
825 3510 964 3579 maxime
995 3511 1147 3602 propriae
1171 3513 1234 3582 dici

173 3646 331 3727 possunt,
363 3657 416 3705 eas
446 3636 522 3704 volo
554 3655 637 3723 quae
661 3635 702 3703 ad
725 3635 856 3704 Homeri
880 3655 1015 3715 nomen,
1040 3655 1232 3724 personam,

173 3761 329 3852 patriam,
354 3760 395 3828 ad
419 3759 666 3847 carminumque
682 3780 765 3848 quae
776 3759 807 3827 ei
819 3759 1010 3828 tribuuntur
1023 3759 1234 3849 compositio-

174 3908 266 3968 nem,
293 3884 447 3974 originem
465 3895 564 3974 atque
576 3893 715 3952 aetatem
727 3883 900 3974 pertinent.
926 3883 1013 3964 Quae
1026 3883 1234 3974 quaestiones

174 4011 248 4080 inde
279 4032 297 4079 a
327 4009 462 4091 Wolfio,
490 4008 550 4078 uiri
573 4007 786 4077 eruditissimi
808 4008 968 4078 indefessa
990 4008 1150 4078 industria
1174 4030 1234 4078 nec

94 4183 96 4186 .
175 4154 304 4226 semper
327 4133 396 4204 sine
418 4133 466 4202 ira
489 4143 520 4203 et
546 4132 655 4202 studio
678 4143 922 4224 pertractarunt
939 4133 1100 4223 hodieque
1111 4133 1235 4222 agitant

1124 4257 1141 4325 t
