3196 5292
652 701 691 770 at

189 914 275 995 Quae
306 916 476 1007 explicatio
506 916 651 986 reiicitur
681 917 714 985 in
746 917 955 1007 Ebelingiano
991 919 1065 989 Lex.
1100 918 1206 1002 Hom„

143 1040 202 1109 ubi
227 1063 252 1110 s.
276 1065 306 1110 v.
330 1042 425 1112 haec:

140 1175 350 1257 πρόκροσσοι,
376 1168 526 1260 proprie:
550 1169 795 1260 propugnacula
819 1180 893 1239 ante
920 1189 954 1239 se
978 1167 1118 1253 habens,
1144 1171 1206 1241 ie.

142 1295 199 1364 alii
229 1308 303 1365 ante
327 1295 423 1377 alios,
449 1294 630 1364 staffelweis
654 1293 736 1364 nach
760 1315 857 1375 vora,
883 1315 958 1384 opp.
984 1293 1017 1362 in
1041 1293 1092 1363 die
1116 1293 1206 1363 Hohe

143 1431 184 1488 ut
208 1420 325 1510 pinnae
349 1420 502 1490 scalaevc.

142 1545 191 1614 Cs.
207 1556 372 1636 praeterea
392 1544 510 1614 Herod.
524 1543 588 1612 llll.
602 1542 687 1624 188,
711 1542 768 1611 ubi
788 1563 886 1645 naves
908 1563 990 1632 quae
1010 1552 1204 1634 πρόκροσσαι

142 1675 299 1760 ὁρμέοντο
331 1678 362 1752 ἐς
397 1677 453 1742 τόν
489 1677 611 1741 πόντον
637 1673 690 1740 ἐπὶ
715 1671 799 1739 derb
818 1671 894 1748 νέας
919 1667 1206 1758 Schweighaeuser

143 1795 178 1862 in
214 1794 328 1864 Lexico
363 1794 549 1865 Herodoteo
583 1815 611 1863 s.
645 1816 675 1861 v.
710 1793 866 1863 intellexit
902 1793 953 1862 uin
988 1794 1204 1883 quincuncem

144 1922 320 2012 dispositas
366 1932 440 1991 octo
485 1919 652 1990 ordinibus
696 1919 855 2009 gradatim
890 1918 1070 1988 minoribus
1104 1929 1205 2010 prout

143 2048 178 2118 in
221 2069 310 2118 mare
344 2047 445 2137 magis
487 2045 745 2136 prominebant.»
806 2042 848 2111 Ut
876 2042 982 2126 vides,
1027 2042 1206 2111 rectissime

143 2173 195 2241 vir
228 2173 344 2241 doctus
375 2171 493 2240 ibidem
527 2170 608 2239 illud
646 2176 842 2259 πρόνρασσσς
874 2167 980 2238 rarius
1009 2168 1205 2237 vocabulum

144 2298 301 2389 appellat,
335 2317 401 2386 qno
435 2297 513 2386 qnid
547 2295 756 2386 potissimum
793 2294 995 2384 significetur
1015 2293 1103 2363 hand
1128 2293 1205 2364 satis

144 2420 180 2490 in
202 2421 298 2512 plano
323 2421 375 2490 sit.

191 2545 320 2614 Praeter
350 2566 406 2614 eos
428 2565 541 2614 omnes
566 2545 684 2635 quodsi
709 2545 782 2635 quis
807 2565 1003 2634 cognoscere
1027 2545 1103 2615 velit
1127 2546 1206 2636 quid

144 2669 216 2750 alii,
248 2681 286 2738 nt
316 2669 575 2750 DoederleiniuS,
608 2669 805 2751 bohemios,
830 2670 1026 2741 Fritzschius
1051 2682 1084 2740 et
1106 2672 1206 2742 Laro-

145 2794 238 2864 chins
274 2816 349 2863 cnm
386 2795 425 2864 de
459 2806 609 2885 κρόσσαις
646 2806 715 2864 tum
752 2795 791 2864 de
826 2796 984 2866 vocabulo
1008 2805 1202 2890 πρόκροσσαι

145 2931 313 3001 censeant,
339 2920 470 2990 remitto
494 2923 648 2991 lectorem
674 2921 714 2990 ad
738 2921 917 2990 Huntzeum
941 2921 1053 3012 quiin
1077 2924 1205 2993 Ameisii

145 3047 186 3116 ad
218 3045 349 3115 Iliadem
380 3047 669 3128 hnnotationibus,
703 3068 842 3136 quarum
869 3048 1004 3116 alteram
1029 3048 1203 3118 editionem

146 3171 252 3240 adhuc
284 3180 376 3268 curat
399 3171 641 3240 -novissimo
667 3171 752 3240 enim
776 3171 930 3242 fasciculo
954 3173 1011 3262 qui
1033 3174 1096 3241 hoc
1119 3193 1204 3243 annu

145 3296 266 3388 prodiit
296 3297 502 3368 continentur
532 3297 608 3365 libb.
642 3295 781 3364 xlii-xv
805 3337 849 3348 -
873 3297 1059 3387 quibusque
1087 3297 1202 3368 titulus

146 3434 196 3492 est
219 3423 354 3512 Anhang
378 3445 419 3492 zu
442 3423 579 3492 Homers
603 3421 694 3503 llice,
719 3422 759 3491 ad
784 3429 829 3490 M
848 3421 913 3490 ⁶258
938 3433 971 3492 et
989 3424 1020 3493 Ξ
1039 3421 1083 3493 35
1102 3424 1205 3494 varias

146 3549 290 3618 virorum
315 3549 487 3618 doctorum
513 3548 688 3618 sententias
710 3530 882 3618 recensuit.
907 3549 975 3618 lloc
999 3571 1101 3619 unum
1125 3550 1203 3619 satis

115 3704 118 3708 ·
147 3686 295 3743 constare
326 3673 404 3742 mihi
432 3675 560 3744 videtur
589 3682 723 3765 κρόσσας
749 3673 890 3743 turrium
915 3695 986 3744 esse
1008 3685 1151 3765 partem,
1176 3674 1203 3744 si

147 3802 296 3894 quidem,
341 3801 404 3891 nisi
437 3803 500 3870 hoc
546 3822 731 3883 sumemus,
774 3798 941 3890 genetivus
982 3799 1035 3868 ille
1070 3805 1202 3890 πόρνον

146 3928 300 4020 explicari
322 3937 472 4017 nequeat.

189 4054 255 4124 lam
279 4053 417 4124 uidimus
441 4051 481 4120 ab
505 4050 644 4121 llomero
657 4057 860 4142 προκρόσσας
873 4048 1054 4118 secundum
1067 4046 1206 4116 Aristar·

148 4181 243 4251 chum
270 4179 377 4250 notari
395 4181 610 4268 κλιμακρόόν.
644 4176 736 4246 Nunc
764 4187 874 4244 autem
896 4174 1074 4264 quaeritur,
1100 4172 1205 4262 qualis
