3196 5292
860 660 903 727 td

411 865 443 936 3.
489 868 626 940 Navium
649 867 843 940 Graecarum
865 873 1038 944 illustravit
1062 875 1219 944 ordinem.

412 992 443 1060 [ι.
489 993 678 1065 Castrorum
702 996 900 1066 munimenta
925 1019 990 1067 non
1014 998 1141 1068 silentio
1164 1000 1393 1088 praetermisit.

412 1118 443 1187 5.
489 1120 635 1192 Correxit
659 1143 742 1212 quae
764 1143 802 1190 ex
827 1121 864 1190 iis
889 1144 972 1212 quae
995 1136 1070 1192 ante
1091 1122 1265 1212 scripserat
1286 1143 1439 1191 nonam-

368 1243 453 1333 plius
477 1245 616 1335 probare
639 1256 779 1336 poterat.

376 1375 380 1382 '
412 1367 443 1436 6.
489 1369 537 1437 th
561 1390 640 1458 agro
665 1369 803 1438 Troiano
828 1370 1041 1440 describendo
1065 1391 1132 1466 non
1156 1370 1322 1439 abstinuit.

414 1491 443 1560 7.
488 1492 619 1561 Praeter
653 1513 704 1561 res
740 1493 870 1562 bellicas
907 1494 969 1563 atia
994 1515 1126 1584 quoque
1150 1516 1233 1588 quac
1256 1494 1290 1562 in
1316 1493 1430 1563 eastris

366 1616 622 1699 inveniebantur,
648 1617 790 1686 tradidit.
1166 1711 1169 1718 Ι

412 1740 499 1819 Quae
534 1740 640 1808 omnia
665 1741 693 1809 si
717 1741 761 1808 ita
785 1762 819 1809 se
842 1741 975 1822 babent,
1001 1743 1033 1809 in
1055 1742 1282 1810 dissertatione
1305 1743 1431 1833 perdita

367 1864 590 1933 Aristarchum
627 1875 694 1934 tota
726 1875 830 1934 castra
855 1866 989 1956 locaque
1015 1866 1115 1934 vicina
1139 1866 1351 1936 adumbrasse
1374 1888 1431 1956 ap-

367 1999 488 2078 paret.

412 2113 497 2182 Haec
519 2115 619 2203 igitur
645 2126 721 2185 sunt
741 2115 963 2196 fundamenta,
985 2115 1060 2183 licet
1079 2135 1183 2204 pauca
1202 2135 1304 2204 eaque
1316 2135 1429 2204 parva,

367 2239 487 2331 quibus
512 2248 619 2307 tamen
641 2260 702 2329 pro
726 2238 848 2307 viribus
869 2239 1100 2308 domunculam
1118 2249 1346 2329 superstruere
1359 2249 1431 2307 stu·

367 2365 466 2447 debo,
491 2386 604 2455 quam,
630 2376 668 2433 ut
689 2363 814 2453 Vergili.
831 2363 936 2432 verbis
962 2373 1043 2445 utar,

820 2488 936 2557 turrim
961 2487 1098 2556 summis
1123 2487 1184 2555 sub
1208 2497 1294 2555 astra

517 2612 668 2704 eductam
694 2612 803 2695 tectis,
829 2613 916 2682 unde
939 2612 1045 2682 omnis
1070 2612 1164 2680 Troia
1188 2611 1288 2682 videri
1315 2707 1317 2711 ι

515 2747 547 2805 et
569 2737 713 2804 Danaum
737 2738 851 2806 solitae
873 2759 969 2806 naves
993 2748 1026 2806 et
1045 2731 1165 2806 ‘Achaia
1189 2747 1295 2806 castra

366 2879 430 2928 uon
455 2859 600 2928 suturam
624 2881 695 2930 esse
718 2861 809 2930 vaide
833 2862 938 2930 doleo.
