3162 5294
620 695 661 769 87

116 923 168 984 τοῦ
201 915 317 983 πεδίου
350 920 439 1000 παρὰ
474 919 509 983 τὸ
544 915 642 983 ’Ἶλον
675 925 832 1002 μνημεῖον
863 918 988 999 ἔφυγον
1011 921 1089 1005 πρὸς
1114 920 1170 985 τόν

116 1043 254 1128 ἐρινεὸν,
279 1040 470 1117 σπευδοντες
495 1047 539 1118 εἷς
564 1047 623 1126 τὴν
647 1042 757 1111 πόλιν.

157 1164 265 1233 Altera
292 1174 368 1233 nota
393 1175 443 1234 est
466 1162 656 1234 Aristonici:

117 1294 257 1378 η’διπλῆ
290 1298 369 1378 πρὸς
404 1299 440 1361 τὸ
475 1299 548 1376 περὶ
583 1303 639 1363 τοῦ
673 1301 889 1379 ναυστάθμου
912 1297 1113 1382 διάγραμμα·
1138 1299 1175 1361 τό
1240 1371 1242 1378 ¹

117 1424 175 1506 γὰρ
198 1419 296 1487 ’Ἴλου
320 1427 403 1505 σῆμα
427 1424 511 1487 κατὰ
533 1418 631 1505 μέσον
657 1416 742 1490 εἶναι
766 1446 864 1508 φησιν
890 1426 925 1492 ἐν
950 1427 993 1509 τῷ
1018 1421 1134 1508 πεδίῳ.

159 1542 326 1613 Nicanoris
350 1553 400 1612 est
423 1542 552 1612 initium
575 1542 696 1633 prioris
722 1542 836 1613 scholii
850 1543 1011 1633 usquead
1026 1545 1180 1614 διασταλ-

118 1670 205 1749 τέον,
244 1678 276 1736 et
310 1667 383 1736 smis
417 1667 491 1737 inde
525 1668 565 1736 ab
601 1673 789 1743 συναπτέον
824 1666 892 1741 οὖν.
939 1669 1050 1740 Cetera
1075 1682 1181 1740 tamen

119 1812 198 1880 quac
223 1791 366 1860 indicto
391 1791 530 1862 confinio
555 1795 781 1884 reperiuntur,
801 1818 875 1865 cum
889 1797 1181 1868 Alexandrinorum

121 1917 283 2010 disciplina
302 1918 434 1987 minime
446 1931 603 2009 pugnant.
635 1919 826 2000 Quinetiam
841 1922 975 1990 eandem
989 1913 1181 1991 sententiam

120 2055 151 2114 et
172 2045 305 2137 quidem
323 2045 483 2115 similibus
495 2046 601 2115 verbis
615 2045 753 2116 afferunt
771 2046 973 2116 Aristonicus
987 2067 1005 2116 e
1017 2067 1182 2117 commen·

84 2145 85 2150 Ἰ
122 2171 239 2241 tatione
262 2172 302 2241 de
325 2171 492 2242 navalibus
517 2182 550 2241 et
573 2171 728 2255 Nicanor,
755 2172 807 2241 cui
829 2171 1007 2242 Aristarchi
1030 2171 1182 2263 disquisi-

123 2295 239 2368 tionem
270 2318 337 2366 non
360 2297 504 2387 ignotam
530 2297 632 2367 luisse
656 2318 694 2366 ex
716 2297 817 2367 schol.
843 2298 879 2362 A
904 2297 944 2366 ad
970 2304 1014 2363 M
1030 2294 1094 2364 t58
1117 2296 1181 2366 iam

122 2421 234 2510 patuit.
280 2421 437 2492 Credibile
461 2421 569 2512 igitur,
596 2421 790 2491 Nicanorem
814 2422 953 2491 mediam
975 2420 1089 2491 scholii
1108 2443 1182 2512 par-

38 2537 39 2540 '
123 2558 185 2616 tem
207 2549 338 2618 hausise
362 2570 379 2619 o
402 2547 675 2620 commentatione
698 2556 770 2638 περὶ
795 2559 851 2620 τοῦ
876 2557 1101 2636 ναυστάθμου.

124 2671 165 2741 at.
187 2675 279 2744 Nost.
304 2672 400 2744 1353.
414 2673 474 2758 oh,
509 2675 561 2744 oui
584 2675 657 2743 loco
681 2672 714 2742 in
740 2673 863 2743 berarii
887 2673 994 2742 Indice
1018 2673 1080 2742 sub
1103 2693 1182 2742 voce

39 2819 41 2840 t
124 2804 216 2873 ’Ἴλου
239 2815 322 2892 σῆμα
347 2801 548 2872 addendum:
573 2799 757 2872 titubet
783 2797 858 2873 888.
872 2797 925 2867 88.
1060 2859 1063 2866 ,

125 2925 207 3006 Quae
235 2928 287 2996 AB
320 2927 360 2997 ad
384 2934 419 2993 K
439 2925 504 2996 lll5
537 2937 569 2995 et
600 2926 623 2993 B
662 2925 702 2994 ad
726 2933 764 2991 X
785 2923 849 2993 137
889 2925 956 2993 hac,
987 2924 1084 2992 dere
1108 2942 1181 3013 per·

125 3048 248 3134 hibent,
273 3051 461 3121 Aristarcho
485 3051 647 3121 vindicare
671 3072 737 3120 non
761 3049 877 3120 ausim.
940 3116 944 3132 ,

167 3169 274 3246 'lertio
296 3177 369 3246 loco
395 3175 638 3246 consideremus
663 3174 741 3266 quid
768 3196 807 3246 eu
833 3174 964 3245 scholiis
988 3175 1027 3243 de
1050 3173 1183 3244 Gallico-

128 3296 197 3370 lone
221 3300 328 3390 colligi
351 3300 467 3391 possit.

170 3429 216 3498 Ad
239 3438 273 3496 K
295 3427 376 3510 tot),
401 3427 457 3496 ubi
481 3427 599 3498 Nestor
620 3428 798 3497 Diomeden
821 3425 937 3496 excitat
956 3425 1044 3494 hisco
1060 3423 1182 3494 verbis:

213 3563 303 3645 ἔγρεο
311 3608 321 3640 ,
338 3560 468 3638 Τυδέος
491 3559 541 3626 υἱέ
550 3571 557 3624 .’
582 3562 612 3624 τὶ
637 3564 807 3645 πάννυχον
831 3558 936 3626 ὕπνον
962 3555 1102 3630 ducein

214 3691 270 3754 οὐκ
294 3689 394 3765 odi'ecc,
417 3691 460 3763 ώς
485 3691 592 3770 Τρῶες
617 3688 670 3753 ἐπὶ
695 3690 832 3771 θρωσμῷ
857 3682 982 3750 πεδίοιο

215 3817 322 3880 εἵαται
346 3818 424 3901 ἄγχι
449 3815 550 3891 νεῶν,
573 3806 681 3892 ὀλίγον
705 3807 798 3877 δ’ἕτι
824 3812 924 3900 χῶρος
947 3810 1074 3893 ἐρύκω

133 3934 220 4004 codd.
255 3936 306 4004 AB
340 3936 430 4004 nullo
466 3954 603 4025 prorsus
641 3932 825 4002 discrimine
861 3931 995 4001 tradunt
1029 3928 1107 4019 quid
1144 3927 1184 3997 sit

135 4069 274 4151 θρωσμὸς
297 4065 436 4132 πεδίοιο.
461 4059 497 4130 ln
520 4060 643 4129 Veneto
666 4059 689 4126 B
713 4067 822 4128 autem
846 4055 1005 4126 scholium
1023 4054 1184 4124 estinter-
1231 4071 1236 4082 ·

136 4189 302 4278 marginale
328 4211 364 4257 ao
389 4188 486 4258 verba
511 4187 589 4254 haec
614 4197 707 4253 sunt:
