3196 5292
686 693 708 766 9,

166 913 319 1002 βιβλίοις.
343 907 425 988 Quid
441 907 567 996 porro‘l
593 905 660 973 «Ab
672 905 859 974 Aristarcho
872 903 1076 994 aliquantum
1088 903 1227 995 profecit

162 1033 346 1104 Demetrius
389 1030 556 1122 Scepsius,
600 1029 708 1098 omnia
749 1028 986 1119 ApollodoruS,
1022 1037 1055 1098 et
1089 1028 1129 1096 ab
1163 1028 1227 1098 hoc

164 1169 305 1248 utroquo
334 1155 428 1225 lluxit
459 1153 619 1244 quidquid
642 1153 675 1222 in
697 1153 747 1224 his
771 1153 870 1222 rebus
896 1152 979 1242 (scil.
1003 1151 1226 1242 geographicis

164 1293 198 1352 et
222 1279 500 1370 chorographicis)
527 1277 642 1347 Strabo
663 1276 771 1347 sobrie
790 1261 823 1346 et
843 1297 922 1346 sano
942 1275 1062 1350 iudicio
1082 1285 1121 1345 ut
1133 1275 1227 1346 satis·

164 1409 270 1476 facere
295 1404 402 1496 possit
425 1402 632 1494 disputavit.»

209 1528 392 1600 Demetrius
423 1537 533 1598 autem
556 1525 724 1616 Scepsius,
757 1525 900 1616 aequalis
922 1524 1058 1596 Cratetis
1082 1535 1116 1593 et
1137 1524 1227 1595 Aris·
1322 1573 1324 1576 -

167 1654 286 1737 turchi,
312 1661 369 1726 τὸν
396 1659 544 1744 Τρωικὸν
569 1654 745 1740 διάκοσμον
769 1649 930 1720 enarravit
956 1648 1074 1734 (Strab.
1099 1648 1178 1718 Xlll.
1194 1647 1226 1718 l.
1268 1665 1274 1679 ·

166 1778 219 1847 55.
248 1801 282 1869 p.
313 1777 413 1868 609),
447 1797 605 1867 quaeres
629 1775 659 1844 ei
681 1785 789 1845 tantae
812 1774 875 1844 luit
898 1795 1011 1855 curae,
1036 1777 1116 1844 ὥστε
1137 1779 1227 1862 τρία-

167 1933 271 1974 norro
294 1905 431 1994 βίβλους
455 1910 643 1994 συγγράψαι
670 1899 760 1990 (ibid.
785 1900 801 1989 ἓ
824 1898 878 1968 ll5.
902 1921 934 1989 p.
959 1895 1051 1988 603).

210 2025 355 2115 Denique
379 2025 494 2095 Strabo
519 2047 557 2095 ex
579 2026 779 2115 Apollodoro
797 2025 900 2093 multa
912 2023 1087 2114 excerpsit,
1110 2024 1224 2113 deque

166 2169 202 2216 re
224 2149 287 2217 vid.
307 2149 461 2218 Lebrsius
479 2171 511 2240 p.
530 2149 606 2231 188,
629 2148 702 2230 229,
719 2145 793 2230 233,
808 2169 845 2217 ac
861 2147 907 2218 nsi
920 2148 993 2238 quis
1007 2148 1045 2217 de
1058 2147 1226 2218 Strabonis

166 2273 311 2342 lontibus
335 2273 505 2364 disputans
528 2273 572 2341 ita
589 2272 708 2343 'scribit
732 2282 769 2342 ut
792 2271 924 2343 intentis
945 2272 1047 2346 oculis
1067 2271 1226 2362 spectanti
1306 2365 1309 2372 Ι

167 2397 269 2465 semel
299 2398 350 2466 vel
379 2397 429 2465 bis
459 2396 650 2487 Apollodori
679 2415 799 2464 nomen
830 2404 996 2477 occurrat,
1029 2395 1056 2466 is
1084 2396 1225 2464 multum

166 2519 258 2588 abest
287 2531 324 2590 ut
353 2521 441 2590 bunc
470 2521 580 2590 locum
609 2520 831 2601 exhauserit»,
857 2530 894 2588 ut
917 2519 961 2594 ait
983 2519 1070 2590 idem
1093 2541 1124 2610 p.
1149 2517 1225 2588 dlllc

56 2621 58 2626 ⁵
212 2643 310 2712 Cuius
342 2643 402 2713 viri
432 2643 612 2712 doctissimi
647 2643 772 2713 consilii
805 2663 933 2714 memor
949 2714 950 2717 ,
967 2645 1007 2713 de
1037 2643 1227 2735 Apollodori
1303 2701 1311 2722 ,.

165 2753 405 2836 Commentario
436 2768 476 2836 ad
507 2766 643 2837 Navium
667 2767 913 2850 Recensionem‚
947 2768 1112 2838 Strabonis
1136 2770 1226 2838 sonte

165 2891 198 2960 in
230 2891 359 2960 Musaeo
390 2892 545 2960 Rhenano
569 2891 681 2960 XXXII
703 2891 790 2961 1877
814 2915 847 2982 p.
872 2890 936 2962 tot
961 2914 1032 2982 sqq.
1057 2892 1227 2982 diligenter

166 3014 299 3103 scripsit
321 3015 513 3083 Benedictus
538 3015 688 3097 Nieseus,
714 3015 771 3105 qui
794 3017 876 3085 hanc
900 3017 1074 3108 proposuit
1098 3027 1227 3086 senten·

165 3135 262 3204 tiam:
290 3137 385 3207 »Solo
408 3139 475 3206 lere
487 3138 688 3228 Apollodoro
702 3161 782 3209 usus
796 3152 845 3210 est
857 3142 972 3212 Strabo
985 3143 1061 3211 libb.
1075 3143 1226 3224 Vlll—X,

165 3260 224 3350 qui
246 3282 285 3328 ex
308 3262 423 3330 eodem
447 3263 621 3352 praecipue
644 3263 734 3332 fonte
757 3263 866 3332 bausit
888 3264 964 3335 libb.
989 3264 1054 3332 XlI.
1075 3263 1226 3347 3-XIV;

166 3393 319 3452 ceterum·
340 3384 373 3452 in
396 3385 478 3454 libro
503 3386 558 3453 Vll
581 3386 673 3456 lacile
695 3386 831 3476 vestigia
853 3386 956 3457 videri
977 3399 1119 3478 possunt
1141 3388 1228 3458 eius-

167 3507 241 3574 dem
263 3506 448 3597 scriptoris‚
469 3529 507 3576 ex
527 3529 592 3598 quo
614 3508 753 3600 denique
772 3511 854 3581 duae
870 3510 944 3587 libri
959 3497 1094 3602 lpartes
1108 3515 1228 3602 petitae

166 3629 288 3698 tuere.»

211 3753 255 3820 Ut
292 3753 375 3822 inlra
410 3755 609 3838 videbimus,
645 3757 852 3829 Aristarchus
888 3760 920 3828 in
954 3761 1227 3830 commentatione

167 3875 335 3966 deperdita
372 3878 499 3948 Troiam
534 3901 600 3948 non
635 3880 762 3952 silentio
798 3885 1030 3974 praetermisit,
1068 3885 1120 3953 cui
1154 3885 1227 3953 urbi
1325 3907 1327 3911 ·

166 4001 250 4069 libro
288 4002 356 4070 Xlll
390 4006 529 4074 maxime
563 4004 758 4077 immoratur
792 4008 918 4078 Strabo.
969 4008 1082 4079 Totius
1117 4017 1227 4079 autern

169 4121 337 4208 Graeciae,
380 4147 458 4218 ergo
494 4127 702 4199 Graecorum
726 4153 858 4224 quoquc
893 4134 1013 4205 ducum
1048 4131 1228 4227 patriarum
