3196 5292
883 694 1045 762 tlt-

377 909 630 1000 descriptionem
665 907 872 999 geographus
909 906 1138 997 complectitur
1171 905 1248 974 libb.
1284 906 1439 974 lllll-ll.

376 1035 459 1117 Quin
501 1034 598 1104 etiam
640 1032 723 1102 libro
759 1032 828 1100 Vlll
864 1029 999 1100 Navium
1040 1031 1224 1118 catalogum
1259 1038 1440 1118 pertractat

376 1159 523 1250 aliosque
545 1160 637 1227 locos
662 1157 872 1247 quamplures
885 1154 1065 1224 carminum
1079 1151 1326 1221 Homericorum
1339 1162 1437 1240 atque

377 1284 625 1373 Hellespontum
649 1280 682 1349 in
704 1281 769 1349 fine
792 1279 866 1347 libri
883 1279 948 1346 Vll.

420 1408 533 1496 Itaque
556 1414 670 1475 nostro
695 1404 868 1495 proposito
892 1401 1436 1472 iudicavimusconsentaneumer-

376 1533 521 1624 plorare,
542 1551 624 1599 num
643 1529 749 1598 adhuc
767 1528 901 1618 vestigia
914 1526 1136 1598 Aristarcheae
1156 1523 1436 1594 commentationis

378 1656 500 1725 lateant
524 1654 557 1723 in
581 1654 619 1723 iis
644 1653 800 1745 operibus
826 1675 968 1744 quorum
994 1652 1107 1720 titulos
1131 1649 1341 1738 subiungam:

421 1777 612 1868 Apollodori
635 1777 827 1866 Fragmenta
850 1777 884 1845 in
907 1777 1033 1865 Fragm.
1059 1774 1139 1844 Hist.
1152 1773 1262 1842 Graec.
1275 1793 1436 1841 enrecen-

380 1903 470 1972 sione
494 1901 598 1970 Caroli
621 1901 765 1970 Muelleri
782 1899 865 1970 t8tt
878 1955 885 1982 ‚
900 1901 969 1969 Vol.
986 1901 1043 1990 lp.
1056 1899 1122 1968 tae
1136 1920 1206 1989 sqq.
1225 1919 1262 1966 ac
1285 1896 1435 1966 Demetrii

378 2026 499 2118 Scepsii
523 2027 695 2117 reliquiae,
721 2047 804 2116 quae
827 2025 946 2094 ibidem
966 2025 1035 2093 Vol.
1060 2025 1100 2092 lll
1120 2047 1153 2114 p.
1167 2022 1433 2092 382indieantur.

422 2151 588 2220 Strabonis
628 2150 847 2240 Geographica
890 2168 973 2239 quae
1016 2159 1128 2218 curata
1165 2169 1183 2216 a
1217 2148 1369 2216 Muellero
1403 2158 1435 2214 et

378 2277 549 2346 Duebnero
580 2296 664 2345 anno
696 2273 784 2344 1853
814 2273 914 2342 edidit
943 2273 1135 2342 Ambrosius
1174 2271 1295 2341 Finnin
1324 2270 1433 2349 Didot,

378 2411 410 2470 et
435 2400 567 2490 quidem
590 2398 666 2467 libb.
691 2399 819 2468 Vll-ll
842 2420 879 2468 ac
902 2397 957 2467 lib.
981 2398 1061 2466 lllll.

423 2525 485 2596 Sed
516 2527 624 2594 oleum
655 2536 687 2593 et
719 2544 850 2614 operam
882 2521 1026 2614 perdidi,
1060 2542 1160 2611 quare
1189 2541 1255 2590 non
1279 2541 1363 2611 opus
1386 2530 1434 2588 est

294 2711 320 2725 .,
379 2661 417 2719 ut
445 2652 541 2741 plura
573 2651 622 2718 uel
647 2649 686 2718 de
709 2647 759 2716 his
784 2646 929 2715 sontibus
953 2647 1003 2715 vel
1026 2647 1066 2714 de
1089 2644 1195 2714 Niesei
1218 2645 1435 2734 disputatione

378 2772 430 2841 hic
455 2773 595 2841 alienam.
642 2770 763 2839 Unicus
787 2781 838 2839 est
861 2769 1026 2840 Strabonis
1039 2771 1131 2838 locus
1146 2769 1202 2859 qui
1215 2769 1293 2837 mihi
1305 2769 1435 2859 quidem

379 2895 633 2963 considerandus
657 2893 842 2975 videbatur,
869 2895 926 2963 scil
952 2895 1003 2964 lll.
1031 2892 1135 2974 ΜΟ,
1161 2894 1200 2962 de
1223 2893 1436 2984 quolocogd

379 3017 484 3086 dicam
508 3017 586 3106 quid
610 3015 758 3085 sentiam.
1376 3029 1379 3034 ·

424 3139 509 3208 Talia
544 3138 675 3229 quidem
710 3149 787 3208 sunt
822 3161 906 3230 quae
939 3140 979 3208 de
1013 3138 1157 3223 lontibus
1191 3137 1244 3206 hie
1277 3160 1437 3229 exponere

380 3287 491 3335 meum
515 3265 602 3334 duxi.
649 3265 751 3345 Quam
775 3263 932 3360 rationem
957 3283 1014 3352 spe
1038 3263 1157 3331 ductus
1181 3282 1247 3330 non
1267 3262 1436 3353 forequod

378 3391 411 3459 in
443 3391 593 3460 cursibus
625 3389 832 3480 equestribus
863 3387 1064 3475 Francogalli
1094 3408 1211 3456 vocare
1241 3388 1347 3455 solent
1373 3407 1436 3456 run

378 3515 453 3583 faux
479 3495 631 3604 deporto,
654 3513 693 3582 ad
706 3513 811 3603 ipsam
822 3511 998 3582 Aristarchi
1011 3511 1435 3600 dissertationempropero,

901 3641 938 3706 οὐ
962 3645 1023 3724 γὰρ
1048 3645 1104 3727 χρὴ
1130 3639 1337 3706 κλοτοπεύειν

475 3762 550 3831 οὐδὲ
578 3763 781 3852 διατρίβειν,
807 3765 855 3830 ἔτι
880 3766 940 3850 γὰρ
963 3765 1048 3850 μέγα
1071 3765 1165 3849 ἔργον
1188 3767 1338 3848 ἄρεκτον.

422 3885 594 3976 Perpauci,
620 3887 709 3975 quod
732 3886 823 3954 valde
846 3885 1040 3967 dolendum,
1066 3896 1142 3954 sunt
1165 3885 1228 3953 loci
1251 3885 1307 3952 ubi
1322 3885 1437 3952 titulus

379 4009 660 4081 commentationis
684 4009 778 4077 cuius
802 4009 954 4099 reliquias
978 4010 1129 4098 colligere
1154 4009 1284 4078 tentabo
1294 4000 1439 4090 ‚diserte

382 4133 533 4204 traditur.
580 4131 706 4200 Etenim
735 4131 768 4199 in
795 4132 960 4203 codicibus
983 4136 1060 4203 BllL
1084 4133 1261 4226 disputatio
1286 4145 1439 4228 topogra-
