3196 5292
878 674 921 744 bd

414 893 472 966 Hic
496 894 609 964 saltem
633 891 856 964 Aristarchum
878 889 1036 960 habemus
1055 887 1245 957 nominatim
1258 888 1432 956 laudatum

370 1019 455 1088 siout
477 1019 510 1088 in
534 1017 693 1088 simillima
728 1027 804 1086 nota
839 1037 937 1107 quam
968 1013 1102 1104 praebet
1124 1013 1216 1082 Eust.
1242 1012 1338 1082 1305.
1362 1013 1428 1094 tt,

370 1153 454 1214 κατὰ
484 1147 597 1232 μέντοι
635 1146 857 1233 Ἀρίσταρχον
882 1148 900 1210 o‘
922 1151 988 1213 τῶν
1014 1145 1139 1213 ἱππίων
1164 1145 1287 1212 τούτων
1313 1144 1430 1230 δρόμος

372 1275 499 1356 ἐγένετο
524 1277 559 1339 ἐν
584 1279 628 1358 τῷ
651 1271 718 1338 ἀπὸ
753 1278 809 1337 τοῦ
844 1273 969 1359 τείχους
1000 1277 1076 1358 ἄχρι
1099 1279 1155 1354 τῆς
1171 1269 1347 1358 ,θαλάσσης
1371 1277 1428 1338 καὶ

370 1401 435 1468 τῶι
461 1403 528 1466 ἐκεῖ
551 1396 683 1464 κλισιῶν
714 1398 945 1479 usitamus
977 1398 1183 1483 διαστήματι.
1230 1395 1291 1464 Sed
1315 1406 1428 1465 utrum

370 1522 450 1591 haee
483 1542 500 1590 e
535 1519 762 1589 dissertatione
795 1520 937 1611 perdita,
973 1541 1014 1589 an
1048 1520 1176 1589 aliunde
1205 1521 1321 1590 hausta
1345 1521 1426 1602 sint,

369 1657 459 1716 certo
482 1646 613 1737 quidem
638 1645 775 1714 discerni
795 1645 922 1737 nequit,
939 1645 1006 1714 veri
1023 1658 1130 1714 tamen
1146 1657 1196 1715 est
1212 1646 1425 1728 simillimum,

370 1771 593 1840 Aristarchum
618 1781 800 1839 castrorum
823 1771 903 1840 fines
927 1771 960 1838 in
983 1773 1257 1842 commentatione
1288 1795 1347 1843 sua
1372 1775 1427 1842 de-

368 1897 556 1979 tineantem,
581 1897 668 1966 buno
688 1900 797 1965 locum
820 1897 969 1969 laudasse
992 1908 1029 1967 ut
1042 1898 1182 1988 spatium
1197 1899 1281 1968 inter
1293 1921 1426 1970 murum

373 2032 406 2092 et
427 2022 504 2090 litus
527 2021 692 2090 indicaret.
745 2075 746 2078 ,

862 2399 933 2490 §a

449 2650 551 2719 Deci
574 2651 797 2720 uocabulorum
822 2661 952 2741 κρόσσαι
976 2661 1005 2722 et
1027 2662 1223 2744 πρόκροσσαι
1247 2677 1285 2726 oo
1308 2657 1346 2726 de

707 2779 844 2846 hovium
868 2780 1081 2870 dispositione.

415 3026 541 3095 Latione
572 3025 702 3115 quidem
733 3049 829 3118 quam
862 3049 898 3098 ea
926 3029 1063 3120 quaein
1087 3031 1310 3121 superioribus
1333 3054 1425 3122 para-

370 3152 500 3243 graphis
527 3152 659 3221 tractavi
683 3153 907 3244 disquisitione
930 3153 1078 3244 quaestio
1099 3165 1186 3244 eget,
1210 3156 1313 3246 quatis
1329 3156 1426 3226 fuerit

369 3277 498 3346 navium
523 3279 603 3346 ordo
624 3299 721 3368 quem
734 3278 954 3349 informaverit
966 3280 1185 3364 Aristarchus,
1199 3303 1304 3374 neque
1319 3294 1425 3352 tamen

368 3405 401 3473 in
413 3405 523 3495 paullo
537 3404 720 3474 uberiorem
735 3405 985 3496 disputationem
1000 3407 1126 3496 prolabi
1140 3428 1261 3476 vereor.
1286 3407 1424 3498 Nempe,

369 3551 472 3620 quum
501 3529 534 3597 in
563 3529 601 3598 iis
632 3552 715 3621 quae
738 3531 954 3621 praecedunt,
978 3533 1104 3600 nullum
1129 3543 1255 3602 certum
1285 3543 1425 3602 exstaret

368 3655 651 3725 commentationis
688 3655 960 3746 chorographicae
980 3657 1179 3746 uestigium,
1211 3658 1297 3726 unde
1320 3657 1368 3726 via
1392 3668 1425 3727 et

369 3780 493 3849 ratione
527 3781 682 3870 progredi
716 3796 889 3873 possemus
920 3783 959 3852 ad
983 3805 1018 3852 ea
1042 3806 1124 3875 quae
1147 3785 1220 3854 inde
1244 3785 1424 3854 necessaria

369 3904 599 3974 consecutione
634 3905 717 3974 attici
751 3918 901 3998 possent,
926 3909 978 3978 hic
1001 3911 1115 3979 saltem
1140 3911 1265 3980 etiamsi
1287 3933 1424 4002 parvum

369 4042 402 4099 at
436 4039 559 4099 certum
595 4041 701 4100 tamen
737 4033 982 4102 tundamentum
1006 4035 1163 4104 habemus
1186 4035 1219 4103 in
1242 4058 1308 4126 quo
1331 4036 1423 4104 firme

370 4156 547 4228 consistere
570 4157 745 4250 possimus.
780 4157 870 4238 Quae
890 4182 993 4251 quum
1016 4160 1059 4230 ita
1083 4183 1117 4230 se
1136 4162 1289 4245 habeant,
1311 4183 1423 4232 omues
