3162 5294
890 685 934 754 dd

382 899 583 974 οίσιτοῦτται
617 906 720 992 στίχοι
755 898 804 985 ς’,
839 908 892 972 ὅτι
926 905 1141 991 παρῴὸηιται
1177 909 1212 972 ιἰι
1237 913 1303 974 1τοῦ
1325 905 1452 986 „didm

383 1027 414 1098 δ’
437 1029 517 1116 ἀμφ’
540 1028 660 1118 ἄλλῃσι
692 1037 799 1118 μάχην
829 1035 988 1118 ἐμάχοντο
1012 1027 1151 1110 τίεσσι”,

429 1171 512 1241 quae
543 1151 707 1221 athetasis·
727 1172 793 1220 non
807 1163 916 1242 potest
929 1173 1000 1220 esse
1013 1151 1075 1220 nisi
1087 1150 1279 1231 Aristarchi,
1302 1151 1452 1240 primum
1564 1213 1565 1230 ,

383 1275 474 1366 quod
496 1274 529 1343 hi
547 1269 666 1346 ¹tersus
688 1285 869 1364 ἠθιτοῦντο
896 1277 961 1367 (δὲ)
988 1283 1043 1346 καί
1072 1283 1160 1363 παρὰ
1185 1275 1450 1363 Ἀριστοφάνει,

383 1401 477 1474 cuius
523 1379 703 1491 discipulus
731 1400 808 1482 suit,
837 1402 952 1472 deinde
974 1411 1111 1491 propter
1133 1399 1306 1469 Aristonici
1334 1411 1451 1468 notam

383 1525 424 1595 ad
445 1525 570 1594 Odilt:
593 1530 643 1597 ὅτι
662 1531 833 1598 {arcticon
852 1531 1075 1597 διεσκεύασται
1107 1533 1126 1595 ό
1156 1534 1212 1611 τῆς
1235 1530 1450 1616 τειχομαχίας
1564 1507 1565 1518 ³

323 1739 326 1744 Ι
383 1654 631 1740 στίχος,,ἄλλοι
664 1653 792 1741 δὀίμφ’
814 1653 932 1742 ἄλλῃσι
955 1663 1062 1742 μάχην
1087 1655 1245 1741 ἐμάχοντο
1270 1649 1450 1738 πύλῃσιν.”
1564 1633 1565 1652 ¹

390 1777 392 1784 '
427 1778 535 1859 Quum
572 1786 682 1846 autem
717 1778 792 1846 inde
826 1777 867 1846 ab
901 1784 945 1842 M
976 1775 1040 1844 175
1065 1775 1217 1844 reiciendi
1242 1774 1306 1842 sint
1330 1791 1449 1841 versus

384 1919 455 1982 sex,
486 1900 710 1981 Aristarchus,
744 1902 772 1970 si
795 1901 927 1991 quidem
952 1901 1074 1969 Veneto
1097 1901 1124 1970 A
1146 1899 1244 1968 fidem
1269 1899 1448 1977 habemus,

383 2045 513 2097 servare
536 2025 639 2095 voluit
661 2045 793 2095 rursum
817 2021 892 2093 18¹.
938 2024 1091 2114 Insuper,
1117 2034 1153 2094 ut
1165 2023 1285 2092 diserte
1296 2021 1448 2112 perhibet

383 2149 483 2219 schol.
510 2147 563 2231 A,
601 2169 715 2218 versus
746 2145 850 2239 spurii
881 2147 1084 2218 habebantur
1118 2167 1224 2237 usque
1259 2146 1300 2215 ad
1322 2156 1447 2226 πάντες

380 2279 448 2344 ὅσοι
492 2283 686 2347 Δοιαοῐοιο.
732 2274 840 2363 Atque
875 2293 988 2360 omnes
1024 2293 1107 2363 quae
1141 2273 1175 2342 in
1194 2273 1260 2343 ·his
1295 2269 1447 2346 versibus
1564 2281 1565 2292 ¹

382 2409 561 2468 occurrunt
584 2419 637 2467 res
662 2396 795 2479 dubiae,
820 2417 934 2487 reapse
957 2397 1135 2466 invenero
1160 2399 1196 2462 A
1221 2397 1444 2486 attinguntur,

382 2521 439 2612 qui
464 2521 564 2590 codex
589 2522 629 2591 de
653 2521 797 2612 Lapithis
821 2533 934 2592 contra
957 2517 1035 2591 nihil
1058 2521 1160 2592 affert.
1191 2523 1275 2604 Ouid
1298 2522 1446 2592 mirum?

381 2645 503 2736 Nempe
526 2665 657 2729 versus,
683 2645 740 2715 uhi
752 2657 992 2729 memorantur,
1006 2645 1193 2718 Aristarcho
1206 2669 1273 2718 nou
1285 2649 1444 2719 delendus

381 2767 562 2841 uidebatur.

424 2894 473 2964 Ab
493 2894 555 2964 illis
580 2906 689 2964 tamen
713 2895 841 2968 diversa
865 2907 942 2966 sunt
955 2917 1038 2987 quae
1051 2897 1193 2989 reperies
1214 2897 1245 2966 in
1259 2897 1383 2967 Veneto
1399 2901 1443 2963 B.

380 3019 544 3092 Numerus
568 3021 654 3090 enim
678 3042 833 3091 versuum
857 3022 1047 3112 spuriorum
1071 3043 1136 3092 non
1161 3021 1324 3092 indicatur
1343 3033 1444 3111 atque
1562 3009 1563 3030 ³

380 3144 423 3214 ibi
448 3145 507 3214 tuin
532 3141 713 3216 atteruntur
737 3156 945 3236 argumenta:

379 3272 496 3340 ἁθιτιῒ
529 3271 770 3386 Ἀρίσταρχος,
805 3277 936 3360 πρῶτον
972 3280 1032 3360 μέν
1056 3276 1112 3342 διά
1135 3279 1173 3344 τὸ
1205 3276 1311 3356 πύλας
1334 3277 1442 3355 ἄλλας

379 3397 600 3484 ὀιομίιζισθαι
622 3431 668 3446 -
691 3393 761 3466 εἶτα
785 3397 841 3466 dut
864 3399 901 3466 τὸ
923 3397 1109 3486 ,,οἰργαλίοι
1132 3400 1169 3466 δέ
1191 3429 1230 3486 με
1254 3400 1380 3471 ταῦτα’
1397 3437 1442 3452 -·-
1561 3397 1562 3400 “

379 3515 450 3590 εἶτα
484 3525 537 3588 καί
570 3521 626 3590 tut
650 3525 685 3590 ad
711 3525 879 3592 Aenidae.
911 3525 1032 3612 οὐγὰρ
1059 3526 1126 3605 tn,
1158 3533 1257 3616 φησί,
1285 3534 1441 3608 audrade

378 3643 522 3734 antipae
547 3649 601 3714 καί
627 3645 701 3726 retia
724 3649 814 3728 οίοιίς
837 3651 1000 3729 Λαπίθας
1025 3650 1149 3720 natta».

424 3763 480 3836 liic
504 3763 603 3856 igitur
626 3787 691 3838 non
712 3787 766 3838 sex
780 3779 907 3839 tanturn
920 3791 1033 3842 versus
1046 3773 1188 3843 Homero
1202 3774 1440 3858 abiudicantur,

378 3887 435 3962 aod
478 3899 613 3982 nuptum.
659 3889 859 3974 Quibuscum
899 3894 1080 3966 rationibus
1115 3899 1254 3968 maxime
1289 3900 1441 3990 congruit

378 4011 531 4088 cadumin
567 4011 628 4100 l’ti,
650 4013 706 4106 qui
739 4025 845 4088 tamen
876 4020 970 4110 plana
999 4021 1160 4093 intactum
1190 4024 1320 4114 reliquit
1344 4044 1440 4114 argu·

378 4149 524 4214 ntuntttttt
547 4145 596 4214 dn
623 4143 834 4236 παοψίοιτιιι
857 4147 891 4226 (ε
907 4143 1010 4214 Odid
1022 4146 1112 4238 quod
1126 4147 1222 4216 tradit
1236 4148 1379 4218 Venetus
1392 4150 1436 4229 A,
