3162 5294
875 645 918 715 ttt

414 872 502 936 ὅσσοι
526 865 584 934 ἀπ’
608 867 743 934 Ἰδαίων
767 867 866 949 ὀρέων
889 865 992 934 άλαδε
1015 867 1220 952 προρέουσιν,

415 996 531 1076 Ῥῆσός
557 991 589 1058 θ’
614 994 820 1080 Ἑπτάπορός
844 1017 877 1060 τε
900 999 1049 1080 Κάρησός
1073 1018 1106 1058 τε
1130 995 1263 1072 Ῥοδίος
1288 1025 1321 1064 τε

416 1123 581 1203 Γρήνικός
606 1146 638 1185 τε
664 1127 719 1184 καλ
743 1120 898 1205 Αἴσηπος
922 1121 989 1198 δῖός
1013 1145 1045 1187 τε
1069 1123 1286 1209 Σκάμανδρος

419 1249 474 1311 καὶ
498 1248 653 1326 Σιμόεις,
678 1246 736 1310 ὅθι
760 1244 866 1312 πολλά
889 1249 1028 1333 βοάγρια
1053 1252 1107 1314 καὶ
1133 1249 1327 1335 τρυφάλειαι

417 1378 585 1439 κάππεσον
611 1376 646 1438 ἰν
672 1373 798 1459 κονίῃσι
823 1375 878 1438 καλ
901 1373 1046 1457 η’μιθὲων
1071 1374 1164 1456 γένος
1189 1377 1331 1462 ἀνδρῶν,

371 1500 413 1568 ad
437 1518 534 1589 quem
558 1497 668 1565 locum
692 1495 725 1564 in
748 1494 871 1564 Veneto
894 1495 921 1563 t
943 1495 1144 1586 adscriptum
1169 1508 1236 1567 est:

371 1633 421 1696 ότι
445 1625 630 1712 ἀμφίβολον
652 1625 712 1710 μὲν
738 1627 791 1692 ε’πλ
816 1626 955 1711 ποτέρου
979 1633 1045 1695 τῶν
1069 1635 1228 1711 ποταμῶν
1252 1627 1352 1709 λέγει,
1383 1640 1446 1696 τοῦ

372 1755 595 1843 Σκαμάνδρου
618 1761 638 1838 ἦ
664 1757 718 1818 τοῦ
742 1757 941 1837 Σιμοῦντος,
961 1755 1092 1822 δεκτέον
1107 1757 1141 1823 δι’
1155 1760 1208 1823 ἐπὶ
1223 1765 1278 1824 τοῦ
1290 1766 1446 1842 Σιμοῦν-

372 1902 439 1963 τος·
472 1883 527 1950 διά
549 1880 648 1964 μέσου
672 1883 733 1962 γάρ
758 1886 814 1946 τοῦ
838 1880 953 1947 πεδίου
977 1882 1119 1966 φέρεται.
1152 1889 1206 1950 καὶ
1231 1888 1281 1950 ὅτι
1305 1886 1444 1966 οἰνέγνω

372 2008 528 2082 Ἡσίοδος
563 2009 602 2071 τά
639 2006 779 2088 Ὀμήρου
813 2008 856 2082 ὠς
890 2010 933 2073 διν
970 2007 1123 2093 νεώτερος
1147 2015 1274 2078 τούτου·
1309 2015 1444 2100 οὐγὰρ

373 2139 542 2221 ἐξενήνοχε
580 2134 653 2206 rote
688 2133 868 2215 ποταμούς,
904 2139 945 2216 μὴ
979 2137 1078 2211 ὄντας
1108 2133 1313 2219 ἀξιολόγους,
1340 2145 1367 2204 εἰ
1393 2145 1442 2222 μὴ

373 2265 415 2332 δι’
449 2261 608 2347 Ὅμηρον·
645 2258 700 2323 καλ
733 2265 778 2342 τῷ
801 2264 962 2343 Σιμοῦντι
986 2260 1189 2346 προσέθηκεν
1213 2265 1370 2333 ἐπίθετον
1401 2270 1441 2333 τό

373 2397 467 2459 θεῖόν
492 2414 525 2455 τε
551 2390 724 2471 Σιμοῦντα
746 2380 880 2471 (Theog.
904 2379 996 2472 342).

414 2511 486 2580 Non
510 2506 701 2577 crediderim
726 2506 805 2574 hacc
828 2506 860 2574 in
885 2507 1137 2598 disputationem
1149 2511 1310 2600 perditam
1325 2524 1440 2584 trans·

371 2638 501 2711 serenda
524 2654 606 2705 esse.
652 2634 735 2705 Fieri
758 2643 876 2706 autem
891 2643 1015 2724 potest,
1041 2644 1078 2702 ut
1092 2633 1300 2705 Aristarchus
1313 2659 1438 2726 agrum

373 2764 548 2834 Troianum
580 2761 614 2829 in
642 2761 696 2829 itta
727 2759 1000 2830 commentatione
1023 2761 1238 2846 adumbrans,
1263 2763 1439 2855 scripserit

372 2898 390 2961 ά
418 2897 553 2978 Σιμόεις
584 2891 639 2958 διὰ
668 2890 766 2973 μέσου
798 2895 853 2956 τοῦ
884 2890 999 2956 πεδίου
1023 2889 1173 2976 φέρεται,
1199 2910 1298 2979 quam
1326 2901 1441 2960 tamen

373 3015 594 3084 coniecturam
619 3011 812 3081 testimoniis
835 3033 901 3081 non
924 3032 1061 3102 possum
1085 3013 1225 3085 firmare.

417 3139 461 3208 Da
484 3138 583 3207 huius
606 3137 720 3206 scholii
743 3137 876 3206 exordio
900 3137 940 3205 cf.
961 3137 987 3204 Α
1011 3138 1052 3206 ad
1074 3150 1108 3208 Σ
1131 3139 1190 3208 λθε

372 3279 393 3356 ἡ
429 3267 527 3353 διπλῆ
563 3271 642 3353 πρὸς
674 3271 709 3333 τδ
741 3266 935 3355 ἀμφίβολον,
959 3271 1029 3344 πῶς
1051 3270 1273 3355 Μυρμιδόνων
1297 3277 1438 3357 ἄριστον

374 3397 460 3478 λέγει
484 3400 541 3464 τόν
565 3393 760 3479 Πάτροκλον
784 3397 912 3480 Λοκρόν
936 3397 1027 3460 ὄντα.

418 3519 502 3588 Haec
539 3530 614 3586 nota
646 3496 741 3607 'quae
777 3516 952 3585 Aristonici
989 3526 1057 3597 est,
1094 3515 1204 3607 itaque
1237 3515 1436 3602 Aristarchi,

372 3642 510 3713 Patrocli
540 3641 670 3732 attingit
692 3641 867 3712 nationem.
903 3641 939 3710 In
962 3644 1064 3712 altero
1088 3643 1129 3712 ad
1153 3643 1292 3712 eundem
1315 3645 1430 3714 locum

373 3768 495 3838 scholio
519 3768 597 3837 haec
621 3767 773 3858 legimus:

374 3899 441 3966 δεῖν
474 3898 509 3965 δέ
534 3922 632 3984 φησιν
657 3901 675 3963 ό
700 3897 918 3985 Ἀρίσταρχος
943 3901 1041 3974 οὕτως
1065 3901 1143 3966 αδτδ
1166 3900 1434 3988 παραδέχεσθαι,

376 4028 432 4093 τόν
455 4029 536 4110 μετά
559 4027 617 4090 τόν
641 4029 773 4108 ἄριστον
799 4028 863 4093 τῶν
887 4022 1124 4110 Μυρμιδόνων,

377 4165 459 4242 quoe
491 4144 674 4218 observatio
708 4145 940 4240 superlativum
970 4157 1104 4239 ἄριστον
1129 4157 1254 4242 spectat
1276 4153 1309 4222 et
1331 4149 1435 4239 expli-
