3162 5294
619 689 722 786 ¹m

168 905 370 975 videbantur
410 905 443 974 in
478 905 724 978 introductione
757 929 830 998 pag.
867 909 926 991 ta,
965 910 1124 1000 quaedam
1160 911 1240 980 aliae

169 1029 329 1118 subiungi
352 1030 493 1120 possint.

220 1154 265 1222 De
301 1154 423 1236 tabula,
462 1177 560 1245 quam
584 1156 684 1224 schol.
710 1158 736 1225 A
760 1158 799 1226 ad
824 1157 935 1226 Aidti
957 1168 989 1227 et
1011 1159 1075 1228 807
1100 1161 1241 1251 appellnt

169 1286 212 1349 τὸ
236 1291 290 1350 τοῦ
315 1285 537 1367 στρατοπέδου
563 1282 611 1349 tel
635 1289 670 1352 τὸ
690 1289 762 1371 περὶ
777 1293 831 1354 τοῦ
847 1294 1061 1372 ναυστάθμου
1076 1288 1240 1375 διάγραμ-

165 1436 220 1492 μα
245 1407 322 1474 nihil
345 1428 483 1498 prorsus
506 1406 646 1498 repperi.
900 1496 902 1500 Ι

221 1533 324 1602 Schol.
349 1533 376 1601 A
400 1530 728 1601 admemoratio
753 1553 792 1600 eo
817 1532 960 1614 ducunt,
986 1543 1024 1601 ut
1046 1531 1239 1600 Nicanorem

171 1659 484 1748 commentationem
516 1655 677 1747 perditam
709 1658 749 1724 ad
776 1679 908 1726 manum
935 1656 1089 1726 hahuisse
1112 1667 1238 1746 putem.

169 1781 267 1861 Quod
302 1782 329 1850 si
363 1781 407 1849 ita
443 1791 509 1864 est,
547 1792 695 1871 tempore
729 1779 881 1849 Hadriani
919 1780 996 1870 (vid.
1032 1781 1147 1850 Suidas
1176 1780 1195 1849 i.
1209 1803 1238 1849 r.

169 1908 348 1996 Νικάνωρ)
373 1905 551 1997 disputatio
575 1905 742 1996 deperdita
766 1905 911 1974 nondum
937 1905 1087 1995 perierat.

220 2029 374 2098 Criticum
415 2029 650 2098 Alexandinum
696 2029 957 2121 disquisitionem
994 2029 1034 2099 de
1069 2030 1242 2110 navalibus,

169 2168 250 2248 post
281 2154 531 2224 commentarios
557 2151 743 2244 scripsisse,
769 2154 893 2245 liquido
922 2165 1112 2223 constater
1137 2154 1238 2224 schol.
1299 2249 1303 2254 .

169 2281 198 2348 A
222 2280 262 2348 ad
286 2287 312 2346 0
336 2278 419 2360 tte,
455 2299 599 2370 quocum
631 2278 754 2349 scholio
788 2280 827 2347 ct'.
854 2301 937 2370 quae
962 2279 1123 2370 disputavi
1152 2280 1167 2369 5
1195 2279 1239 2348 to

168 2426 245 2495 pag.
270 2403 313 2474 88
337 2426 409 2495 sqq.
436 2404 476 2473 de
500 2404 603 2473 schol.
627 2404 718 2472 Aad
741 2411 771 2469 Z
794 2405 825 2473 lt.

218 2530 264 2600 Ne
287 2541 447 2622 punctum
471 2530 603 2621 quidem
628 2529 785 2620 temporis
810 2549 910 2620 porro
929 2525 1144 2598 dubitandum
1160 2528 1238 2618 quin

171 2657 331 2748 quaedam
363 2656 395 2724 in
427 2655 546 2748 quibus
572 2656 649 2724 olim
672 2675 798 2723 errasse
823 2652 883 2723 sibi
907 2651 1091 2733 videretur,
1117 2651 1237 2720 ibidem

170 2783 358 2854 correxerit.
403 2782 473 2850 Vid.
514 2791 644 2872 praeter
678 2790 773 2848 notas
809 2778 957 2847 laudatas
994 2775 1096 2844 schol.
1134 2775 1160 2843 A
1196 2775 1238 2844 ad

171 2917 217 2976 M
248 2908 313 2977 958
343 2918 442 2997 atque
470 2905 521 2974 AB
550 2905 591 2974 ad
625 2901 740 2972 0385
773 2914 804 2973 ct
837 2900 919 2983 tte,
953 2901 993 2970 de
1026 2901 1145 2991 quibus
1176 2899 1237 2988 §8

170 3031 321 3103 disserui.

218 3157 258 3226 Ut
281 3156 346 3225 iam
374 3155 407 3223 in
430 3153 677 3224 introductione
701 3153 857 3235 vidimuS,
874 3154 991 3222 doctus
1006 3152 1237 3242 grammaticus

169 3304 237 3352 non
281 3292 408 3350 tantum
443 3291 551 3349 castra
587 3278 785 3348 Graecorum
822 3278 1009 3368 descripsit,
1047 3277 1102 3345 sed
1139 3277 1235 3346 ctiam

169 3407 300 3476 Troiam
324 3427 504 3496 agrumque
529 3403 704 3472 Troianum
726 3403 939 3473 adumbrasse
953 3403 1091 3472 videtur.
1117 3401 1234 3470 Utrum

168 3542 280 3603 autem
304 3530 351 3599 Ilii
375 3540 472 3621 atque
496 3528 662 3597 iliensium
675 3527 819 3619 planitiei
844 3511 994 3597 seorsum
1018 3528 1234 3598 seceritmen·

170 3659 313 3743 tionem,
340 3677 380 3724 an
403 3676 479 3724 uero
503 3676 586 3745 quae
611 3654 662 3722 his
687 3654 726 3723 de
750 3654 849 3723 rebus
874 3654 1060 3735 tradiderit,
1075 3654 1144 3722 aliis
1158 3675 1236 3723 suae

169 3780 452 3853 commentationis
492 3778 641 3870 partibus
676 3779 799 3870 passim
835 3778 1028 3858 attenuerit,
1062 3779 1236 3847 incertum.

166 3905 239 3976 Hoc
271 3918 379 3974 tamen
411 3902 496 3972 cadit
528 3902 715 3985 nocuos,
750 3925 803 3973 eas
828 3913 922 3972 notas
947 3925 1031 3995 quae
1056 3905 1096 3974 de
1120 3905 1235 3974 castris

165 4027 291 4119 aliquid
322 4027 479 4109 afferunt,
511 4026 549 4095 iis
582 4026 701 4118 quibus
736 4029 815 4098 urbs
846 4041 878 4098 et
908 4032 979 4098 loca
1004 4031 1106 4100 vicina
1132 4030 1236 4099 conti-

165 4164 290 4224 nentur
312 4154 423 4244 plures
449 4173 519 4224 esse
544 4162 577 4222 et
601 4153 813 4242 copiosiores.
855 4154 948 4235 Quod
973 4176 1076 4245 aeque
1099 4155 1235 4224 raletde

1082 4262 1101 4334 7
