3196 5292
703 662 747 731 ίῧ

239 874 284 944 Gi.
308 875 398 944 Eust.
422 873 555 943 italio
585 882 635 946 ὃτι
668 881 725 948 τὸν
752 883 812 965 μὲν
837 884 966 966 Λοκρὸν
990 883 1130 950 Αἰἀντα
1154 887 1257 971 ταχύν

190 1006 361 1094 πολλαχοῦ
393 1004 498 1087 λέγει,
531 1009 588 1074 τόν
621 1005 655 1072 δὲ
687 1004 899 1090 Σαλαμίνιον
929 1004 1089 1074 α’ντίθεον
1124 1012 1178 1074 καί
1206 1007 1258 1074 ὅτι

192 1135 231 1199 αί
264 1139 335 1214 νῆες
359 1138 422 1199 ,τοῦ
452 1131 597 1216 μεγάλου
635 1133 788 1208 Αἰἀντος
826 1135 882 1198 καί
915 1134 971 1198 τοῦ
1002 1130 1193 1216 Ἰδομενέως
1223 1136 1258 1203 ἒν

192 1265 286 1344 ἄκρῳ
311 1255 393 1343 ἦσαν
419 1261 492 1336 καί,
516 1258 559 1334 ὥς
582 1260 600 1323 ό
621 1262 757 1344 ποιητὴς
774 1257 878 1340 λε’γει,
904 1263 1070 1326 ἑκαστάτω
1082 1266 1137 1326 τοῦ
1149 1259 1259 1344 μεόου.

241 1387 281 1448 Ν
302 1380 362 1449 681
389 1380 422 1449 in
446 1402 554 1471 pugna
578 1380 619 1448 ad
642 1400 740 1449 naves
763 1379 931 1470 perstabat
955 1379 1076 1448 Hector

453 1497 474 1593 ᾗ
497 1512 538 1576 τά
559 1511 674 1594 πρῶτα
696 1509 803 1585 πιίλας
827 1512 883 1575 καί
905 1517 1011 1596 τεῖχος
1035 1509 1169 1586 ἐσᾶλτο,

298 1635 472 1719 ῥηξάμενος
497 1637 642 1702 Δαναῶν
666 1639 808 1712 πυκινὰς
832 1636 944 1722 στίχας
967 1637 1168 1711 α’σπιστάων,
1240 1675 1241 1678 ¹

298 1759 367 1826 ἐνθ’
391 1759 469 1827 ίσαν
494 1745 704 1836 Αίαντόςτε
730 1759 799 1837 νέες
827 1762 882 1826 καί
906 1760 1139 1845 Πρωτεσιλάου

194 1880 242 1950 Gi.
267 1881 367 1948 schol.
392 1886 429 1954 A
454 1881 604 1950 adhunc
627 1882 754 1950 locum:

195 2015 249 2076 ὅτι
274 2014 330 2076 τοῦ
360 2017 487 2096 Λοκροῦ
519 2010 605 2093 λέγει
637 2013 801 2088 Αἰἀντος.
828 1998 922 2089 οὗτος
947 2016 1008 2098 γάρ
1031 2010 1170 2097 πλησίον
1195 2015 1262 2077 ε’νε-

197 2136 295 2202 ὡλκει
331 2142 386 2204 τοῦ
416 2137 657 2224 Πρωτεσιλάου.
684 2142 764 2219 πρὸς
789 2141 829 2204 τά
853 2140 926 2222 περὶ
952 2142 1008 2202 τοῦ
1033 2143 1261 2219 ναυστάθμου.

245 2259 314 2326 Huc
338 2260 469 2328 accedat
494 2266 520 2325 0
544 2259 626 2341 705,
652 2259 708 2328 ubi
732 2259 852 2328 Hector
875 2259 1011 2328 adortus
1038 2258 1080 2327 sit
1102 2277 1217 2326 navem

749 2393 767 2471 ίη
792 2388 1022 2471 Πρωτεσίλαον
1048 2388 1172 2455 ἔνεικεν

289 2515 321 2588 ἐς
344 2514 481 2597 Τροίην,

197 2630 718 2702 mmmBmmwmw

198 2761 365 2847 εὐπρεπῶς
397 2763 449 2828 ἐπὶ
481 2767 542 2846 τὴν
572 2767 730 2849 τοιαιίτην
761 2769 844 2830 ναῦν
876 2771 977 2850 ἤγαγε
1009 2766 1066 2832 τὸν
1097 2759 1263 2846 Ἕκτορα,

199 2875 239 2969 ἧς
262 2891 335 2956 οὔτε
359 2891 417 2957 τὸν
441 2893 585 2975 ἡγεμόνα
607 2888 805 2976 μέμψασθαι
830 2892 908 2973 ε’νῇν
930 2895 972 2973 μὴ
995 2888 1187 2955 κωλύσαντα
1203 2892 1262 2970 τὴν

198 3014 325 3081 οἰκείαν
362 3018 446 3081 ναῦν
486 3014 737 3100 ἐμπιπραμένην
775 3010 909 3106 (θανὼν
941 3020 1002 3101 γάρ
1033 3012 1088 3101 ἦν)
1122 3016 1198 3091 τοιίς
1229 3040 1263 3081 τε

198 3136 341 3212 πολίτας
383 3142 578 3224 συγγνώμης
619 3143 663 3207 ἄν
703 3163 752 3216 τις
787 3141 926 3218 ἀξιώσαι
962 3141 990 3206 εἰ
1024 3141 1263 3225 ἀστρατήγητοι

199 3267 292 3338 ὄντες
335 3261 506 3340 οἰδννάτως
551 3261 639 3352 εἶχον
680 3265 885 3352 ἐπιβοηθεῖν.
921 3267 979 3333 ἵνα
1013 3257 1070 3333 οὖν
1104 3269 1147 3348 μὴ
1180 3267 1264 3330 κατά

201 3391 325 3468 ζῶντός
354 3414 444 3464 τινος
475 3391 577 3476 ἕπάξη
601 3393 637 3456 τὸ
661 3390 804 3468 ὄνειδος,
836 3395 896 3474 τὴν
924 3388 1154 3476 Πρωτεσιλάου
1177 3389 1265 3474 φησί.

201 3519 258 3582 καί
280 3517 333 3601 Ιὅτι
358 3518 443 3582 κατὰ
467 3519 525 3592 τάς
548 3515 653 3592 πιίλας
680 3519 792 3603 πρώτη
815 3513 866 3600 ἦν.

245 3634 349 3704 Huius
384 3635 602 3705 annotationis
636 3636 727 3726 prior
761 3657 837 3726 pars
872 3636 912 3706 ab
948 3636 1048 3704 altera
1076 3656 1153 3734 cum
1176 3634 1266 3724 quod

199 3757 265 3826 loci
287 3758 522 3848 expositionem
547 3769 618 3827 tum
642 3747 731 3850 quod
754 3770 851 3829 notae
874 3761 1013 3830 sormam
1037 3761 1168 3840 attinet,
1195 3770 1265 3829 toto

201 3885 294 3952 coelo
329 3883 436 3952 differt
471 3895 601 3974 tamque
636 3883 776 3954 ieiunam
800 3895 899 3975 atque
922 3884 1097 3953 absurdam
1122 3882 1266 3952 continet

200 4007 520 4098 interpretationem,
547 4018 583 4077 ut
607 4009 672 4082 duo
696 4030 833 4100 prorsus
857 4009 942 4079 inter
961 4030 995 4078 se
1008 4009 1133 4078 diversa
1146 4005 1266 4076 scholia

201 4132 236 4202 in
260 4153 362 4202 unum
387 4133 547 4203 coaluisse
570 4134 718 4204 conicere
740 4134 843 4204 liceat.
875 4135 1016 4203 Alteram
1040 4152 1117 4202 vero
1140 4138 1267 4221 partem
