3162 5294
880 669 923 738 λθ

371 882 429 969 οόχ
458 879 604 968 ἁρμόζει·
635 882 672 952 οὐ
703 889 764 972 γάρ
794 884 931 974 Ἕκτορι
965 890 1190 978 χαριζόμενος,
1223 894 1295 964 ἀλλ’
1321 905 1443 987 ἑαυτῷ

372 1010 427 1073 καὶ
459 1011 567 1096 πατρί.
600 1014 656 1076 nai
688 1015 729 1078 ’τό
762 1019 816 1096 τῆς
849 1011 972 1102 πληγῆς
1009 1020 1235 1091 ἀνακόλουθα·
1267 1029 1337 1101 πώς
1371 1029 1445 1112 γὰρ

372 1131 527 1203 όάντίον
551 1140 693 1224 ήνιοχών
718 1138 771 1206 ἐπὶ
794 1143 833 1205 τά
857 1144 973 1210 ὄπισθε
998 1149 1082 1212 κατὰ
1099 1151 1154 1215 τόν
1172 1151 1295 1238 αὐχένα
1312 1155 1445 1219 τόπτε·

373 1286 428 1327 ται
438 1283 450 1334 ,·
472 1262 604 1348 ὕστερον
621 1263 657 1330 δέ
675 1267 793 1342 ἐντοῖς
810 1271 881 1354 περὶ
899 1278 954 1335 τοῦ
975 1278 1188 1360 ναυστάθμου
1204 1277 1443 1360 ἀπολογεῖται·

373 1389 431 1454 τόν
453 1388 514 1472 γάρ
532 1389 664 1476 ἡνίοχόν
687 1413 786 1476 φησιν
814 1392 1045 1481 ἀπεστράφθαι
1077 1403 1154 1483 πρός
1179 1405 1214 1468 τό
1237 1404 1351 1472 πεδίου
1377 1410 1445 1471 καὶ

373 1515 448 1588 τοός
470 1499 615 1595 ῖπιτόυς,
640 1518 697 1582 τόν
721 1514 755 1582 δέ
780 1523 989 1608 παραιβάτην
1013 1523 1091 1606 πρός
1114 1529 1172 1604 τάς
1197 1533 1274 1603 ναῦς
1298 1530 1351 1594 ἐπὶ
1373 1536 1443 1597 τοῦ

374 1639 509 1726 δίφρου,
532 1643 590 1709 ἵνα
613 1642 677 1710 ἀπό
700 1649 756 1711 τοῦ
779 1644 850 1711 ἰ’σου
873 1646 1009 1732 γένηται
1033 1656 1054 1734 η’
1075 1657 1172 1736 μάχη.

373 1764 479 1854 Atque
501 1761 619 1834 ibidem
643 1765 714 1836 cod.
738 1765 762 1833 B
784 1765 929 1836 exhibet:

372 1889 573 1961 ἀθετοῦνται
607 1897 639 1960 οἱ
672 1903 772 1982 τρεῖς.
806 1899 838 1962 οἱ
864 1896 924 1980 μέν
949 1903 1009 1985 γὰρ
1034 1899 1200 1984 ἐπίκουροι
1226 1901 1361 1976 δεόντως
1386 1905 1442 1970 ἂν

374 2019 524 2104 λέγοιντο
550 2021 743 2110 χαρίζεσθαι
767 2019 923 2108 Ἕκτορι,
949 2023 992 2101 ὥς
1014 2024 1190 2111 Πάνδαρος

505 2151 645 2234 ἡγεόμην
669 2151 811 2234 Τρώεσσι
835 2148 940 2234 φέρων
965 2156 1059 2238 χάριν
1083 2149 1220 2237 Ἕκτορι
1245 2150 1305 2238 δίιρ

376 2263 415 2353 (Ε
439 2262 524 2349 λθλ,
550 2267 605 2336 ubi
628 2267 706 2336 nihil
729 2269 856 2340 codices
880 2271 1046 2363 afferunt).
1091 2276 1255 2347 ἀνοίκειον
1280 2277 1315 2344 δέ
1330 2303 1441 2365 φησιν

372 2396 392 2458 ό
417 2391 635 2485 Ἀρίσταρχος
659 2400 712 2465 ε’πλ
736 2398 873 2468 πολίτου
897 2405 933 2471 τό
957 2406 1100 2489 Τρώεσσι
1126 2407 1342 2493 χαριζόμενος.
1373 2411 1441 2473 καὶ

374 2519 429 2587 διά
461 2527 521 2606 τὴν
552 2522 680 2611 πληγὴν
711 2525 888 2613 ἀθετητέος
933 2530 1091 2617 όστίχος.
1123 2536 1192 2608 πώς
1214 2535 1275 2617 γὰρ
1298 2533 1439 2618 ἡνίοχος

374 2651 420 2719 ών
450 2653 569 2720 ὄπιθεν
593 2651 778 2738 ’βάλλεταυ
812 2659 938 2722 ἄτοπον
971 2660 1031 2742 γάρ
1056 2659 1122 2723 ε’στό
1146 2659 1182 2722 τό
1206 2655 1440 2742 ἀπεστραμμέ-

374 2804 450 2855 νους
473 2773 559 2847 εἶναι
581 2781 655 2858 τοός
679 2779 823 2867 δίφρους·
848 2783 1092 2869 ε’πρφυίσθησαν
1124 2785 1185 2866 γάρ
1207 2787 1252 2851 ἄν
1276 2785 1307 2847 οῖ
1328 2805 1441 2865 παρα·

256 2933 258 2939 ·
372 2909 472 2994 βάται
505 2911 606 2990 μόνον
643 2907 848 2993 κινηθέντων
883 2912 948 2978 τών
983 2910 1092 2976 ἵππιον
1129 2911 1173 2984 εἷς
1201 2911 1260 2990 τὴν
1284 2905 1439 2992 πτέρναν

373 3036 428 3098 τοῦ
453 3029 569 3119 δίφρου
592 3034 736 3109 ἑστῶτες.

417 3149 511 3232 Quod
542 3151 701 3221 scholium
737 3151 764 3220 si
799 3173 872 3221 cum
896 3152 951 3222 illo
976 3155 1229 3244 comparaveris,
1254 3152 1436 3246 suspiceris

373 3277 594 3350 Aristarchum
616 3278 651 3348 in
671 3277 735 3348 hoc
755 3276 850 3348 illove
874 3255 1105 3350 commentario
1128 3279 1286 3349 athetesin
1306 3279 1436 3350 sicsere

304 3465 305 3471 ,
372 3401 569 3473 illustrasse:

372 3534 546 3622 ἀθετητέοι
579 3539 611 3603 οῖ
644 3541 739 3621 τρεῖς.
774 3537 805 3602 οἱ
837 3537 900 3620 μέν
931 3539 992 3623 γάρ
1027 3536 1192 3622 ε’πίιιουροι
1227 3534 1361 3611 δεόντως
1384 3538 1433 3603 όν

373 3657 524 3742 λέγοιντο
549 3658 739 3749 χαρίζεσθαι
763 3659 918 3750 Ἕκτορι,-
942 3661 984 3740 ὥς
1008 3660 1183 3749 Πάνδαρος
1244 3693 1246 3696 ·

483 3790 624 3874 ἡγεόμην
647 3790 789 3875 Τρώεσσι
814 3787 919 3875 φέρων
936 3794 1030 3876 χάριν
1056 3788 1191 3873 Ἕκτορι
1219 3786 1278 3874 δίῳ

374 3913 429 3976 καὶ
453 3911 635 3988 Ἱππόθοος

571 4033 707 4125 Ἕκτορι
731 4041 786 4105 ιιαλ
810 4037 952 4124 Τρώεσσι
978 4038 1196 4126 χαριζόμενος.

373 4159 536 4230 ἀνοίκειον
561 4161 596 4229 δὲ
617 4165 674 4232 ’ἐπλ
707 4157 854 4232 πολίτου·
889 4163 926 4230 οό
949 4168 1010 4250 γάρ
1031 4164 1168 4252 Ἕκτορι
1193 4163 1427 4252 χαριζόμενος,
