3196 5292
685 692 722 760 tl

170 929 225 982 eas
256 917 350 978 notas
374 928 454 999 quas
479 907 539 976 hac
562 907 602 976 de
626 927 660 976 re
684 906 836 996 colligere
858 907 969 998 potui,
995 919 1168 1000 antequam
1192 907 1232 978 ad

171 1032 439 1123 disceptationem
469 1030 573 1121 ipsam
603 1051 762 1123 propero,
787 1031 1028 1122 perspicuitatis
1052 1032 1153 1122 gratia
1177 1053 1235 1110 exe

171 1157 322 1228 scribam.

217 1283 264 1352 Ad
300 1290 664 1372 σοσιοοπρόκροσσαι,
703 1301 769 1372 quo
804 1285 835 1356 Ξ
870 1280 914 1350 35
941 1303 1021 1352 usus
1045 1293 1095 1352 cst
1117 1295 1231 1374 poeta,

172 1408 219 1478 sic
243 1407 368 1476 dicens:

239 1536 312 1603 οὐδὲ
337 1540 398 1622 γὰρ
423 1531 491 1603 οὐδ’
517 1535 608 1623 εόριλς
633 1563 691 1619 περ
717 1535 779 1604 ι’ὠν
810 1537 986 1620 ἐδυνήσατο
1010 1543 1115 1616 πάσας

240 1659 388 1746 αἰγιαλός
412 1671 492 1747 νῆας
517 1662 659 1749 χαόέειν,
686 1664 854 1730 στείνοντο
879 1663 914 1729 tt
940 1662 1025 1728 λαοί·

240 1799 285 1876 τῷ
311 1797 351 1879 ῥα
375 1796 573 1879 προκρόσσας
599 1791 732 1875 ἔρυσαν,
758 1793 812 1855 καλ
844 1787 972 1870 πλῆσαν
996 1793 1121 1872 ἁπάσης

238 1919 346 1998 ἠιόνος
372 1918 472 2001 στόμα
506 1921 643 2001 μακρόν,
681 1919 758 1984 όσον
796 1912 1020 2000 συνεέργαθον
1052 1921 1152 1998 ἄκραι

216 2058 298 2130 quae
327 2038 470 2107 Venetus
492 2041 530 2108 Α
554 2037 698 2117 exhibet,
723 2037 841 2127 partim
865 2057 998 2128 quoque
1021 2038 1176 2125 leguntur
1198 2035 1231 2104 in

172 2165 284 2235 codice
306 2165 348 2233 B.
371 2162 496 2234 Scholia
520 2162 605 2231 enim
627 2162 707 2231 haec
730 2172 824 2230 sunt:

172 2290 278 2360 Schol.
303 2288 333 2355 B
356 2292 571 2379 κλιμακηόόν·
595 2298 655 2377 τὴν
681 2293 795 2379 ἑτέραν
819 2296 880 2378 πρὸ
904 2296 959 2372 τῆς
984 2292 1123 2378 ἑτέραςμ

172 2415 277 2484 801101.
301 2420 338 2485 A
369 2421 420 2486 ὅτι
456 2424 654 2506 προκρόσσας
689 2420 746 2497 τὰς
780 2414 982 2505 κλιμακηόόν
1014 2416 1231 2501 νενεωλκρμὲ·

173 2571 232 2622 νας
267 2542 378 2631 ἑτέρας
412 2549 490 2632 πρός
521 2541 596 2632 (leg.
632 2546 692 2629 πρό
725 2527 799 2609 cum
823 2540 970 2630 Lehrsio)
996 2543 1125 2630 ἑτέρων,
1152 2539 1231 2610 ὥστε

138 2668 141 2673 ’
172 2670 377 2757 θεατροειόές
420 2675 599 2756 φαίνεσθαι
643 2675 679 2739 τό
716 2671 887 2750 νεώλκιον·
927 2677 1057 2759 κρόσσαι
1099 2677 1160 2757 γὰρ
1196 2675 1231 2739 αι’

173 2797 336 2881 κλίμακες.

216 2916 367 2986 (lanieras
391 2937 513 3007 quaeso
537 2918 762 2988 annotationes
787 2920 895 2989 ecod.
917 2926 954 2991 A
975 2921 1072 2993 adM
1080 2918 1161 3001 158,
1176 2920 1232 2988 ubi

167 3051 269 3132 poeta
291 3015 372 3110 hacc
395 3041 435 3109 de
458 3041 621 3112 Troianis:

241 3173 375 3252 κρόσσας
397 3173 457 3254 μὲν
482 3173 614 3258 πόρνον
638 3174 734 3259 ἔρυον
760 3179 814 3240 καὶ
839 3177 969 3262 ἔρειπον
989 3177 1156 3255 ἐπάλξεις,

239 3295 356 3376 στήλας
382 3323 415 3362 τε
438 3278 624 3383 προβλῆτας
658 3298 823 3386 ἐμόχλεον,
848 3305 887 3378 ἃς
910 3298 963 3384 ἄρ’
987 3305 1116 3388 Αχαιοί

241 3425 373 3507 πρώτας
397 3423 432 3489 ἐν
456 3425 533 3512 γαίῃ
557 3425 662 3493 θέσαν
691 3427 827 3511 ἔμμεναι
862 3427 987 3515 ἔχματα
1012 3434 1153 3515 πυργων.

216 3540 360 3621 Quarum
384 3543 631 3613 annotationum
656 3547 750 3615 haec:

173 3674 224 3740 ὅτι
257 3679 390 3761 κρόσσας
421 3679 455 3742 ἔν
487 3679 546 3760 μὲν
579 3685 646 3753 τοῖς
677 3678 882 3764 ὑπομνήμασι
916 3678 1108 3763 κεφαλίδας,
1135 3683 1170 3746 ἐν
1195 3680 1229 3750 δέ

173 3810 241 3879 τοῖς
265 3806 337 3888 περὶ
361 3810 416 3870 τοῦ
442 3810 655 3889 ναυστάθμου
679 3803 859 3888 κλίμακας,

218 3923 392 3993 Aristonici
417 3934 481 4005 est,
508 3926 607 3994 altera
620 3947 697 3995 vero
711 3947 809 4016 quam
824 3925 1030 4015 subiungam,
1047 3924 1228 3994 Nicanoris:

171 4107 172 4110 ,
219 4056 271 4118 ε’πό
308 4055 363 4119 τόν
408 4053 583 4140 συνόεσμον
607 4061 666 4136 μὲν
703 4061 731 4120 εἰ
755 4054 1012 4140 όιαστέλλοιμεν,
1037 4057 1166 4139 γένοιτο
1187 4061 1230 4124 ἂν
1287 4061 1289 4066 ⁴

177 4184 308 4266 πυργων
331 4183 406 4249 dart
430 4188 485 4250 τοό
509 4185 561 4250 ἐπὶ
586 4184 660 4262 τοός
682 4189 823 4269 πόρνους
847 4186 905 4258 τός
928 4181 1089 4268 κλίμακας
1112 4180 1231 4250 εἷλκον·
