3196 5292
870 665 891 732 8

348 873 476 942 hahet.»
501 872 600 942 Cuius
624 873 671 942 rei
692 894 760 944 non
781 875 954 944 immemor
977 877 1219 968 Archiepiscopi
1239 880 1410 950 Thessalo-

349 997 488 1067 nicensis
527 997 782 1068 Commentarios
818 999 858 1068 ad
893 999 1026 1070 Homeri
1060 1001 1190 1072 Iliadem
1226 1005 1410 1095 comparavi

350 1143 426 1191 cum
450 1121 489 1192 iis
513 1121 661 1204 scholiis,
686 1122 825 1214 quaein
849 1124 942 1194 codd.
966 1125 1070 1194 ABVL
1094 1129 1144 1198 vel
1167 1129 1410 1218 quodammodo

352 1248 447 1338 digna
481 1247 561 1318 mihi
592 1247 784 1317 ridebantur
815 1269 898 1338 quae
930 1250 1175 1340 perpenderem.
1221 1253 1270 1320 Ad
1293 1274 1410 1321 manus

350 1372 453 1444 habui
494 1371 669 1442 editionem
706 1370 937 1462 Weigelianam
979 1373 1053 1441 anni
1094 1373 1192 1442 tout.
1249 1374 1296 1443 Ne
1334 1374 1410 1444 vitio

351 1498 436 1566 forte
466 1495 547 1565 mihi
576 1503 699 1576 vertas,
731 1495 821 1585 quod
852 1516 927 1564 raro
956 1505 1193 1566 commentator
1217 1497 1274 1566 tihi
1297 1498 1356 1566 hac
1379 1497 1411 1564 in

352 1617 578 1688 dissertatione
601 1629 768 1699 occurrat,
792 1619 844 1687 hic
867 1640 1000 1690 monere
1019 1621 1123 1703 volui,
1148 1643 1201 1692 me
1212 1622 1299 1692 hunc
1312 1623 1412 1713 scrip-

355 1753 460 1812 torem
495 1741 552 1810 ubi
587 1741 638 1810 vel
672 1741 751 1811 nihil
781 1743 832 1812 vel
862 1764 966 1833 pauca
997 1753 1124 1814 tantum
1155 1767 1257 1836 eaque
1291 1746 1411 1814 nullius

355 1865 512 1936 momenti
534 1865 751 1956 perhibuerit,
777 1888 906 1957 semper
930 1868 1057 1940 silentio
1077 1871 1298 1960 praeteriisse,
1324 1870 1412 1962 quod

354 1993 441 2063 idem
473 1992 512 2060 de
543 1991 677 2081 reliquis
707 1991 787 2060 meis
817 1993 963 2062 lontibus
987 1994 1080 2063 valet.

377 2097 667 2186 'perlustrandum
710 2115 788 2184 mihi
829 2137 930 2205 porro
974 2117 1137 2207 Apollonii
1172 2128 1240 2187 erat
1276 2119 1412 2187 lexicon

356 2242 577 2313 Homericum:
601 2239 834 2310 annotationes
859 2239 944 2308 enim
970 2262 1050 2330 quas
1073 2241 1175 2311 veluti
1197 2243 1237 2310 de
1250 2240 1424 2311 vocabulis,

356 2373 445 2450 dart,
472 2369 565 2458 ἕρμα,
595 2366 728 2454 ζωστήρ.
755 2369 841 2448 ue'or,
868 2373 980 2457 φόβος,
1007 2358 1069 2436 ὧδε
1090 2365 1204 2447 tradit,
1228 2376 1304 2436 sunl
1326 2365 1413 2434 Aris·

356 2493 476 2575 tarchi,
508 2491 564 2582 qui
598 2491 788 2561 nominatim
813 2491 910 2561 etiam
933 2490 1094 2560 laudatur.
1141 2489 1233 2558 Unde
1257 2509 1372 2557 rursus
1395 2508 1414 2555 a

356 2616 489 2685 Lehrsio
511 2613 576 2706 pl
598 2615 738 2683 officitur
754 2614 931 2694 Aristarchi
950 2623 1044 2683 notas
1066 2614 1106 2682 ah
1129 2612 1311 2682 Aristonico
1325 2613 1415 2680 illus-

282 2715 286 2724 *
357 2750 458 2810 tratas
474 2739 620 2828 intelligi.
646 2738 791 2807 »Etenim
805 2739 990 2829 complures
1003 2738 1055 2807 hic
1068 2739 1136 2808 sine
1148 2738 1279 2808 nomine
1290 2738 1414 2827 positae

356 2874 434 2934 sunt
469 2863 727 2943 ohservationes,
765 2883 846 2951 quas
881 2862 1010 2932 aliunde
1047 2861 1129 2950 (scil.
1158 2882 1197 2929 ex
1227 2859 1411 2949 Apollonio)

357 2998 505 3056 tenemus
529 2985 707 3054 Aristarchi
729 3005 830 3054 esse.»
868 2986 944 3054 llius
966 2985 1131 3054 heliconis
1144 2985 1304 3075 Apollonii
1323 2982 1414 3074 copia

356 3109 435 3178 mihi
463 3109 541 3190 luit,
574 3109 662 3198 quod
693 3129 777 3176 anno
807 3107 895 3176 1788
923 3108 1078 3198 impensis
1110 3108 1415 3177 Luchtmansiorum

357 3257 396 3306 ex
418 3234 559 3304 editione
581 3233 751 3304 Parisiensi
774 3233 903 3323 repetiit
926 3233 1129 3302 Hermannus
1155 3231 1287 3300 Tollius.

401 3360 493 3429 Irrita
518 3371 625 3429 tamen
648 3380 683 3427 re
707 3360 844 3428 domum
866 3357 948 3426 redii
969 3378 1029 3425 nec
1051 3355 1259 3446 prosperiore
1285 3355 1415 3422 fortuna

357 3507 438 3556 usus
469 3507 543 3555 sum
566 3485 600 3553 in
623 3485 738 3553 itinere
763 3483 852 3572 quod
877 3496 935 3572 per
958 3479 1148 3570 Apollodori
1170 3478 1250 3547 fines
1275 3475 1414 3565 suscepi.

357 3608 449 3680 Dicat
473 3608 651 3698 quispiam:
688 3627 754 3696 quo
790 3605 921 3675 tandem
957 3604 1086 3673 tendis‘l
1131 3604 1267 3672 Evolvas
1292 3618 1415 3690 quaeso

358 3731 490 3799 Suidam
509 3731 529 3798 i.
550 3753 578 3800 v.
599 3751 635 3798 ac
654 3729 823 3820 Porphyrii
851 3739 964 3798 uotam
994 3729 1081 3818 apud
1110 3729 1201 3798 Eust.
1221 3725 1296 3796 263.
1316 3724 1359 3794 37
1384 3735 1416 3794 et

360 3853 531 3922 Lehrsium
554 3875 585 3943 p.
610 3852 686 3922 tlt.
710 3853 793 3933 Ouid
808 3874 885 3942 ergo
900 3852 1075 3922 novimus‘l
1099 3852 1219 3920 Haece:
1242 3849 1416 3940 Apollodo-

359 3999 417 4046 rus
452 3977 673 4057 Atheniensis,
710 3999 795 4046 unus
825 3998 863 4046 ex
886 3977 1064 4046 Aristarchi
1087 3976 1270 4066 discipulis,
1297 3983 1417 4063 inpup-

360 4111 540 4178 unradoaro
578 4109 619 4174 τὰ
653 4111 724 4196 περὶ
762 4113 817 4178 τοῦ
854 4106 1038 4190 καταλόγου
1071 4111 1189 4192 ἄριστα
1222 4106 1256 4172 e'n
1289 4103 1415 4172 δώδεκα
