3196 5292
893 689 937 762 hl

387 909 466 1001 quid
502 909 528 980 si
559 929 625 980 non
656 907 838 1000 postulare,
866 907 979 978 saltam
1004 907 1175 978 admittere
1198 907 1375 999 potuerit‘l
1404 905 1467 977 Cui

386 1035 432 1106 sic
454 1035 654 1128 respondeo:

431 1160 569 1232 llledium
592 1161 701 1229 locum
727 1159 873 1250 Ulyssem
896 1158 1055 1240 tenuisse,
1081 1178 1119 1227 er
1143 1158 1182 1228 iis
1206 1179 1288 1250 quae
1313 1167 1350 1226 A
1378 1158 1402 1226 li
1430 1169 1465 1226 et

387 1291 415 1357 Θ
437 1285 504 1356 223
527 1288 690 1376 leguntur,
711 1295 860 1376 utsupra
873 1305 946 1376 pag.
963 1283 1005 1353 tt
1019 1284 1175 1366 vidimus,
1189 1284 1463 1356 effecithristar-

379 1413 485 1495 'chus,
509 1432 607 1504 quem
644 1423 751 1481 tamen
784 1411 962 1480 Homerum
998 1413 1217 1502 perlegentem
1252 1433 1319 1482 non
1345 1410 1461 1501 sugit,

386 1537 585 1610 contrarium
608 1536 831 1608 testimonium
856 1537 1004 1630 potuisse
1028 1537 1182 1629 praehere
1207 1539 1316 1609 locum
1339 1534 1460 1604 [1488

386 1683 458 1752 sqq.
490 1661 573 1743 Ouid
597 1641 691 1732 tuml
714 1663 761 1732 Er
782 1662 866 1732 libro
889 1674 1007 1753 quarto
1033 1683 1109 1734 eum
1136 1664 1246 1734 locum
1269 1662 1457 1754 excerpsit,
1572 1665 1573 1676 ’

385 1787 445 1858 hac
467 1787 733 1880 interpretatione
756 1789 879 1860 addita:

384 1925 573 2006 „concinno
601 1923 642 1988 roi
672 1930 726 2003 τῆς
755 1921 872 1998 τάξεως
901 1919 956 1988 διὰ
979 1923 1039 2002 τὴν
1065 1922 1120 1986 τοῦ
1132 1917 1276 2003 πολέμου
1289 1926 1444 2005 ταραχήν

385 2041 509 2112 Etenim
534 2046 699 2115 ἀδύνατόν
724 2049 790 2112 ἐστι
815 2048 868 2114 ἐπὶ
894 2045 949 2114 ro'r
974 2044 1114 2112 Αἴαντα
1130 2047 1166 2112 τὸ
1182 2040 1277 2132 βέλος
1293 2046 1453 2130 πεμφθὲν

385 2171 431 2249 εἷς
464 2169 656 2256 Ἰθακήσιον
688 2171 814 2239 ἐλθεῖν·
848 2175 879 2237 oi
909 2174 970 2255 γὰρ
995 2171 1176 2254 Ἰθακήσιοι
1199 2172 1309 2258 πόρ’ῥω
1332 2193 1453 2247 τεταγ-

384 2298 478 2380 μένοι
505 2303 582 2377 εἶσι,
608 2298 662 2366 καὶ
688 2301 724 2366 οὐ
750 2299 834 2365 κατὰ
858 2301 933 2374 roric
956 2297 1183 2396 Σαλαμινίους
1197 2302 1252 2365 καὶ
1265 2290 1450 2384 Anapum?

429 2421 632 2510 Quamquam
662 2441 780 2511 negare
807 2441 873 2491 nou
896 2441 1032 2511 possum
1055 2421 1134 2513 quin
1156 2419 1234 2492 huic
1255 2441 1345 2491 meae
1367 2439 1450 2488 con-

380 2545 527 2618 iecturae
561 2545 594 2616 id
629 2541 759 2616 obstare
794 2545 951 2628 videatur,
988 2547 1077 2638 quod
1111 2555 1249 2637 uterque
1280 2546 1355 2616 hiax
1378 2563 1450 2614 non

385 2669 463 2742 satis
498 2669 580 2740 benc
614 2669 863 2761 distinguantur,
901 2683 938 2744 ut
974 2693 1102 2764 semper
1133 2674 1222 2764 quod
1246 2673 1345 2743 sciam
1369 2670 1450 2742 lecit

385 2793 602 2866 Aristarchus.

428 2920 613 2992 Secundum
637 2921 798 3013 reliquum
823 2923 982 2994 scholium
1007 2934 1065 2993 aut
1087 2944 1126 2994 ex
1150 2925 1258 3015 aliquo
1279 2943 1448 2994 commen-

383 3047 468 3152 tario
503 3048 543 3117 ad
577 3047 721 3138 priorem
757 3047 932 3119 Aristarchi
966 3048 1187 3120 recensionem
1222 3060 1279 3119 aut
1314 3046 1447 3118 exalia

383 3171 626 3254 dissertatione,
662 3194 726 3264 qua
762 3175 903 3244 secunda
938 3174 1069 3246 Homeri
1101 3175 1200 3246 editio
1223 3175 1447 3246 illustraretur

383 3296 539 3386 originem
562 3296 710 3381 duxisse,
735 3298 902 3389 probabile
926 3310 985 3370 est.

425 3425 566 3495 Ultimae
600 3424 739 3516 denique
773 3433 870 3496 notae
904 3445 987 3515 quae
1022 3425 1062 3494 ad
1097 3425 1179 3494 hanc
1202 3425 1442 3516 paragraphum

381 3548 460 3622 mihi
482 3549 644 3641 pertinere
666 3549 824 3633 ridentur,
850 3551 1004 3640 leguntur
1028 3551 1066 3620 ad
1094 3557 1127 3616 B
1142 3549 1217 3620 tet.
1252 3551 1296 3620 Ut
1308 3559 1437 3629 nolum,

380 3674 425 3744 ihi
447 3674 592 3746 recensio
616 3674 746 3747 navium
770 3676 906 3757 orditur,
933 3685 1067 3766 sumpto
1092 3697 1110 3745 a
1135 3675 1263 3746 Boeotis
1287 3675 1391 3747 initio.

425 3798 502 3874 Cod.
525 3801 604 3872 Veli.
629 3801 651 3870 Α
677 3801 784 3872 afferi:
820 3809 838 3872 ὁ
860 3807 894 3874 δὲ
919 3803 1139 3894 Ἀρίσταρχός
1166 3831 1241 3891 φησι
1267 3811 1350 3873 κατὰ
1368 3810 1438 3873 ἔπι·

382 3934 485 4017 popoir
521 3928 622 4001 αὐτὸν
659 3935 717 4015 τὴν
751 3932 854 4021 ἀρχὴν
890 3939 1103 4016 ποιήσασθαι·
1141 3938 1169 3999 ei
1203 3937 1263 4016 yolo
1302 3932 1357 3999 nul
1381 3929 1437 4000 ἀπ’

384 4055 489 4124 ἄλλον
505 4055 627 4133 i'lirovc
643 4059 782 4143 ἤρξατο,
807 4060 979 4144 ἐζητοῦμεν
995 4064 1039 4126 ἄν
1055 4063 1115 4142 τὴν
1131 4059 1243 4126 αἰτίαν
1260 4066 1316 4141 τῆς
1327 4065 1437 4147 ἀρχῆς.

425 4177 502 4250 (iod.
526 4177 604 4250 Veli.
629 4179 652 4250 Β
675 4179 820 4250 exhibet:
855 4181 970 4268 ἦρκται
1005 4184 1039 4250 δὲ
1075 4185 1138 4251 α’πό
1172 4183 1329 4252 Βοιατῶν
1354 4187 1436 4251 κατὰ
