3162 5294
648 631 686 699 91

227 849 332 935 αὐτὰρ
359 851 428 916 ἐπεί
452 849 546 918 σ’ἐπὶ
571 863 651 935 νῆας
676 855 845 936 ἐνείκαμεν
870 860 904 922 ἐκ
929 857 1102 943 πολέμοιο,

226 983 390 1060 κάτθεμεν
437 981 472 1046 ἐν
497 976 657 1065 λεχέεσσι,
683 988 888 1066 καθήραντες
913 987 991 1070 χρόα
1015 984 1117 1052 καλόν

225 1102 326 1170 ὕδατί
350 1131 383 1171 τε
408 1103 510 1190 λιαρῷ
535 1109 590 1171 καὶ
614 1104 776 1190 ἀλείφατι.

180 1224 261 1294 ltem
309 1227 390 1316 αἷμα
432 1238 569 1296 vocatur
599 1230 713 1320 λιαρόν
745 1237 779 1294 Λ
807 1228 883 1298 477.
930 1230 1198 1323 Quandoquidem

140 1349 228 1452 οὖρος
262 1353 357 1423 etiam
387 1359 499 1442 λιαρός
528 1352 647 1423 dieitur
673 1351 786 1436 ⁶268,
812 1354 930 1446 nidd,
954 1355 986 1424 id
1009 1369 1060 1426 est
1082 1367 1197 1428 ventus

139 1479 283 1570 tepidus,
318 1481 427 1572 itaque
463 1479 568 1563 mitis,
593 1479 692 1560 lenis,
719 1479 841 1562 dulcis,
866 1481 957 1550 facile
980 1482 1197 1573 intelligemus
1290 1505 1293 1511 ·

137 1626 295 1696 quaenam
327 1607 369 1676 sit
400 1605 497 1676 huius
528 1605 677 1675 vocabuli
702 1605 748 1674 vis
774 1605 806 1676 Ξ
829 1604 912 1688 ton,
937 1607 993 1675 ubi
1017 1607 1098 1676 luno
1120 1630 1198 1678 con·

46 1719 49 1768 t
136 1730 242 1801 silium
267 1733 368 1823 oepit,
397 1743 436 1801 nt
459 1732 525 1801 lovi

551 1863 657 1931 ὕπνον
681 1860 888 1947 detinendae
913 1863 1026 1950 λιαρόν
1051 1894 1084 1934 τε

242 1994 317 2080 ltin
343 1992 396 2057 ἐπὶ
421 1990 630 2078 βλεφάροισιν
655 1989 703 2055 ι’όὲ
728 1993 817 2075 φρεσὶ
842 1990 1090 2080 πευκαλίμῃσιν.

177 2111 241 2181 Sed
275 2113 411 2203 propius
448 2131 563 2180 sensus
599 2110 748 2180 adiectivi
783 2114 893 2202 λιαρός
924 2113 1013 2203 quod
1036 2113 1122 2183 idem
1146 2128 1197 2185 est

134 2258 171 2306 ac
206 2242 355 2331 χλιαρὸς,
390 2259 457 2308 non
485 2237 567 2306 alius
597 2246 647 2306 est
675 2236 738 2307 nisi
768 2238 905 2326 tepidus.
952 2236 998 2306 uf.
1028 2249 1196 2329 praeterea

133 2364 274 2450 Vanioek
297 2364 351 2434 Gr.
375 2364 443 2433 Lat.
468 2363 570 2454 Etym.
594 2363 758 2432 detenh
780 2363 851 2432 Vol.
865 2363 888 2431 l.
901 2385 934 2454 p.
947 2362 1029 2446 dli,
1044 2364 1100 2433 uhi
1110 2365 1196 2435 inter

133 2491 193 2561 alia
218 2503 251 2561 et
266 2492 361 2562 haec:
389 2495 488 2583 ιχλίω
500 2511 599 2561 wann
612 2489 759 2570 werden,
775 2488 976 2570 schmelzen,
991 2489 1174 2559 zerllieszen
1184 2514 1193 2575 ;

133 2618 258 2689 liberti.
282 2619 384 2712 iippig
404 2620 482 2700 sein,
496 2616 697 2706 schwelgen,
710 2614 860 2705 prunken
869 2637 877 2699 ;
893 2616 1030 2706 χλιαίνω
1042 2617 1192 2697 νόνιιιοο,

134 2749 283 2836 χλίανσις
316 2746 372 2815 das
403 2745 575 2825 Wfit'mem
609 2744 739 2832 χλιαρὸς
769 2761 887 2820 Warm,
920 2739 973 2807 lau
983 2762 991 2822 ;
1022 2741 1194 2829 χλιαρότης

131 2869 376 2959 Erwarmung.t
1123 2939 1127 2950 .

176 2995 218 3064 At
256 3015 322 3063 non
356 2993 478 3063 diutius
513 2993 547 3061 in
577 2991 627 3060 his
659 2990 823 3060 morabor.
870 2990 1082 3060 Redeundum
1107 2991 1192 3060 enim

132 3119 213 3188 mihi
236 3129 286 3188 est
301 3119 341 3188 ad
354 3117 475 3186 scholia
489 3137 571 3208 quae
584 3116 624 3186 de
636 3116 831 3185 Scamandro
845 3126 954 3205 agunt.
982 3117 1063 3186 Sunt
1076 3118 1191 3187 haece:

132 3241 1190 3327 nadonodmnnantlt,nntt‚nt,xt5t;ssad1<ntt,

132 3377 168 3435 X
180 3368 257 3450 tlt,
271 3367 352 3450 tle,
366 3367 447 3449 ton,
461 3368 527 3436 l5d
540 3377 572 3436 et
585 3368 635 3436 ΑΒ
647 3368 688 3436 ad
703 3373 735 3432 B
748 3365 823 3450 not,
838 3366 929 3448 nlo,
945 3389 1040 3458 equo
1053 3391 1191 3440 numero

130 3494 157 3562 Α
181 3495 222 3563 ad
246 3501 290 3560 M
298 3492 340 3560 ll
353 3492 504 3562 etXl5l
529 3493 568 3562 de
580 3493 775 3562 Scamandro
789 3493 924 3583 eiusque
936 3493 1080 3564 lontibus
1093 3506 1191 3587 atque

131 3619 157 3686 Α
176 3618 219 3686 ad
240 3617 362 3700 0560,
383 3617 510 3699 enen,
533 3616 624 3698 ΜΟ,
639 3617 683 3686 nt
711 3619 752 3688 de
783 3619 913 3689 nomine
945 3621 1063 3690 Xanthi
1094 3633 1191 3692 nolae

131 3742 213 3812 mihi
235 3764 306 3812 esse
327 3743 477 3814 videntur
499 3744 732 3815 Aristarcheae.

178 3875 222 3934 M
230 3867 272 3936 ll
286 3890 357 3960 sqq.
381 3869 517 3958 legitur:

443 4001 624 4084 μητιόωντο
647 4000 839 4067 Ποσειδάων
865 4007 919 4067 καὶ
943 3999 1123 4072 Ἀπόλλων

222 4131 325 4211 τεῖχος
348 4125 551 4210 ἀμαλδῦναι,
577 4131 734 4211 ποταμῶν
758 4128 854 4212 μένος
878 4133 1122 4210 εἰσαγαγόντες,
