3162 5294
678 681 721 750 63

162 882 377 976 quinquies),
411 889 497 961 unde
527 912 641 962 seusus
680 895 787 966 oritur
813 897 912 968 chene
937 907 1153 992 coagmentati
1180 911 1229 978 vel

161 1007 316 1075 sollerter
338 1009 471 1079 iuncti.»

208 1131 377 1223 Nusquam
403 1139 491 1226 apud
514 1139 692 1212 Homerum
705 1145 913 1238 participium
926 1121 1005 1219 ittuu
1019 1154 1229 1245 coniungitur

158 1276 239 1323 cum
265 1261 505 1356 praepositione
529 1271 565 1336 lo
591 1266 701 1335 addito
726 1268 833 1340 dativo
854 1283 952 1362 atque
968 1275 1153 1367 iusuperH
1161 1279 1227 1349 339

158 1391 195 1447 et
213 1379 279 1449 438
299 1390 334 1455 ἐν
361 1387 529 1458 δἀὐτοῒοι
555 1391 595 1458 ad
618 1402 793 1482 ποιήσομεν
819 1409 852 1466 et
876 1405 1046 1473 ἐνεποίεον
1083 1405 1224 1496 respicit.

158 1501 275 1593 Neque
305 1507 349 1576 ibi
377 1511 463 1579 ullus
489 1513 616 1582 dativus
640 1518 761 1606 legitur
785 1522 841 1610 qui
865 1536 973 1594 mente
998 1525 1225 1619 intelligendus

157 1641 228 1712 est,
255 1644 291 1700 ut
314 1635 383 1703 vult
407 1636 538 1707 Faesius
563 1641 604 1708 ad
629 1649 658 1705 T
681 1642 756 1712 396.

204 1753 329 1834 Quibus
342 1759 495 1830 omuibus
509 1763 688 1834 rationibus
702 1768 821 1838 ductus
835 1773 956 1841 variam
967 1775 1138 1846 lectionem
1146 1783 1221 1852 ἕπτ’
1288 1801 1290 1806 ·

154 1883 318 1970 α’ροροῒος
342 1883 493 1974 improbo
518 1887 637 1957 faciens
662 1912 737 1960 cum
761 1892 943 1997 [luentzero
968 1898 1025 1988 qui
1045 1901 1223 1972 acuatu:

380 2014 465 2099 θύρη
489 2013 653 2100 θαλάμοιο
677 2020 711 2084 e'ri
736 2019 842 2107 ulpio'
864 2023 1007 2111 οἰροιροῒα

155 2130 330 2221 adscripsit
366 2134 480 2203 haece:
520 2140 667 2224 «κληῖδος
695 2139 767 2208 sind
791 2141 843 2210 die
866 2143 985 2234 lliegel.
1030 2145 1087 2216 Die
1111 2147 1223 2222 Lesart

155 2257 287 2346 εὐκληίς
311 2256 355 2325 ist
377 2258 553 2330 widerden
575 2261 808 2334 Homerischen
821 2265 1006 2353 Gebrauch,
1028 2271 1221 2363 daa'pupvta

153 2379 248 2448 nicht
272 2402 309 2451 so
333 2382 426 2451 allein
451 2384 535 2453 ohne
559 2387 755 2456 adverbium
780 2391 861 2459 oder
872 2391 963 2462 Dativ
977 2395 1090 2465 slehen
1102 2397 1218 2468 kann.»

201 2506 378 2576 Larochius
401 2519 509 2578 tamen
528 2510 591 2600 legi
604 2513 672 2581 vult
685 2517 825 2604 εὐκληίς.
861 2515 1219 2604 laudaliter-Faustus,

153 2633 230 2699 coll.
265 2633 303 2700 M
323 2633 389 2702 470
413 2645 445 2704 et
468 2643 490 2727 β
515 2635 598 2719 tillo,
624 2639 681 2727 qui
704 2641 768 2708 loci
791 2661 843 2710 me
868 2641 1000 2731 quidem
1024 2643 1130 2714 iudice
1153 2667 1219 2715 non

151 2758 313 2847 praebent
337 2760 528 2850 analogiam.
576 2762 643 2832 lllic
666 2764 751 2833 enim
775 2765 894 2855 legitur
916 2779 1054 2860 ποιητάς
1081 2770 1215 2864 (πύλας)

150 2879 244 2952 nullo
268 2883 424 2954 adiectivo
449 2886 559 2956 addito
573 2898 672 2978 atque
692 2889 745 2958 hic
764 2895 905 2982 α’ραροῖο
919 2892 1129 2983 coniungitur
1142 2917 1217 2963 cum

149 3009 305 3079 adverbio
330 3018 487 3092 πυκινῶς.

197 3137 239 3204 At
276 3158 360 3228 opus
396 3148 461 3219 est,
498 3150 537 3206 ut
571 3139 645 3208 licet
681 3139 743 3208 alio
775 3161 872 3210 seusu
898 3162 995 3230 quam
1019 3140 1214 3223 Horatiano,

150 3273 247 3332 tenax
272 3273 380 3332 tamen
403 3263 564 3356 propositi
588 3264 659 3332 sim.
707 3265 848 3355 Longius
873 3266 958 3335 enim
987 3266 1129 3336 excurrit
1152 3268 1216 3337 dis·

147 3387 279 3479 putatio
304 3388 365 3456 hac
389 3388 598 3476 digressione.
638 3389 820 3459 Redeamus
843 3389 943 3479 igitur
967 3390 1007 3458 ad
1031 3411 1068 3460 ea
1093 3391 1215 3461 scholia

148 3533 235 3604 quae
266 3523 432 3602 postrema
463 3512 592 3582 laudavi
615 3523 713 3603 atque
737 3516 945 3605 exploremus
971 3536 1050 3584 num
1074 3516 1215 3586 Aristar-

148 3638 267 3706 clreum
292 3637 372 3728 quid
396 3637 554 3707 extricare
577 3638 753 3728 possimne.

194 3762 286 3831 Iuvat
310 3762 411 3831 schol.
435 3769 473 3832 A
498 3772 531 3831 et
554 3772 589 3832 B
613 3763 653 3831 ad
668 3763 807 3832 eundem
820 3763 893 3832 libri
906 3763 1091 3834 duodecimi
1103 3765 1211 3833 locum

146 3887 235 3958 inter
258 3907 293 3955 se
317 3904 516 3976 comparare.

193 4011 596 4100 anenetoAlegimus:
641 4056 643 4062 π

192 4135 268 4204 175.
303 4142 367 4206 οἰπό
403 4145 520 4208 τούτου
554 4139 613 4216 ’ἕως
649 4147 703 4207 τοῦ
734 4148 877 4219 ,μάντεις
900 4145 969 4222 ὅσοι
1001 4137 1209 4210 Δαναοῖοιν”
