3162 5294
852 685 894 756 96

396 904 543 985 Quorsus
578 900 680 992 igitur
714 901 817 971 haec‘l
849 901 892 970 Ut
915 902 1029 970 saltem
1052 901 1177 984 rideas,
1203 924 1255 972 me
1280 904 1419 996 quidem

353 1049 388 1098 ea
424 1049 507 1119 quae
540 1025 755 1097 incertissima
792 1036 885 1109 sunt,
921 1047 988 1096 non
1011 1024 1195 1097 existimare
1218 1028 1420 1119 probabilia,

353 1175 459 1245 neque
489 1174 572 1244 quae
601 1150 785 1221 verisimilia
809 1162 936 1222 tantum
961 1173 1032 1221 esse
1056 1151 1216 1236 videntur,
1241 1176 1302 1246 pro
1326 1177 1422 1226 com-

353 1281 454 1373 pertis
478 1279 605 1349 habere.
633 1278 741 1370 Atque
764 1277 827 1346 lroc
850 1276 958 1369 ipsum
982 1276 1015 1346 in
1038 1299 1136 1346 causa
1160 1276 1237 1361 fuit,
1263 1280 1421 1368 cur§§l,

354 1406 391 1489 2,
416 1405 498 1488 6,7
534 1416 568 1475 et
601 1402 761 1497 quaedam
796 1424 834 1472 ex
868 1401 950 1492 §lu
984 1401 1037 1471 hic
1069 1402 1189 1472 intacta
1215 1404 1421 1494 reliquerim.

354 1531 466 1621 Neque
500 1541 608 1600 tamen
641 1529 685 1599 ita
708 1529 836 1598 silentio
859 1527 938 1597 haec
962 1527 1069 1599 omnia
1093 1540 1188 1599 eraut
1210 1530 1419 1612 involvenda,

355 1667 394 1725 ut
426 1676 492 1724 non
522 1653 728 1745 quorundam
758 1654 792 1724 in
820 1653 964 1744 uestigiis
995 1655 1183 1746 deperditae
1216 1669 1422 1727 commenta-

356 1780 452 1852 tionis
475 1779 663 1870 indagandis
687 1779 780 1849 lieret
803 1779 937 1849 mentio.
956 1849 960 1858 ,

400 1905 461 1976 Sed
491 1906 554 1976 hoc
584 1904 701 1988 misso,
732 1905 876 1997 primum
899 1904 995 1974 verba
1019 1904 1164 1976 sarienda
1188 1906 1228 1977 de
1253 1907 1420 1991 lontibus,

356 2032 442 2102 unde
465 2032 543 2101 milri
565 2031 781 2102 hauriendum
805 2040 884 2100 erat.
1061 1997 1068 2018 ⁶

401 2157 528 2228 Nullam
561 2158 692 2229 omnino
715 2157 884 2227 materiam
906 2156 1000 2228 nobis
1025 2169 1261 2248 suggesserunt
1282 2159 1421 2250 Apollo-

357 2285 447 2368 nius,
471 2283 654 2354 Demetrius
678 2283 846 2376 Scepsius,
871 2281 986 2353 Strabo
1010 2293 1108 2375 atque
1130 2284 1360 2374 Apollodorus.

402 2411 564 2502 Perpauca
587 2418 714 2479 tanturn
738 2408 928 2480 Eustathius
952 2409 1063 2479 attulit
1085 2420 1119 2479 at
1140 2411 1272 2482 nehaec
1286 2411 1421 2501 quidem

357 2529 435 2608 satis
458 2536 559 2607 firmis
583 2536 782 2627 argumentis
807 2535 839 2604 in
851 2534 1027 2606 Aristarchi
1040 2534 1298 2627 disquisitionem
1312 2545 1422 2605 trans-

357 2662 434 2734 ferri
457 2674 608 2755 possunt:

401 2787 514 2877 ltaque
544 2797 670 2857 restant
702 2787 823 2857 scholia
847 2787 983 2871 Graeca,
1009 2787 1128 2878 quibus
1154 2787 1345 2879 primarius,
1379 2808 1422 2856 ne

358 2914 480 2995 dicam,
515 2911 630 2982 unicus
660 2914 753 2982 locus
784 2924 835 2983 est
858 2912 1096 2982 attribuendus.
1142 2912 1277 2982 illorum
1303 2910 1424 2979 scholi-

344 3058 454 3120 orum
487 3037 652 3120 collectio,
680 3049 718 3108 ut
741 3049 874 3120 notum,
901 3060 939 3108 ex
964 3048 1107 3129 quatuor
1130 3037 1421 3128 grammaticorum

251 3178 253 3184 ·
358 3161 596 3231 commentariis
632 3163 814 3254 composita
848 3173 917 3246 est,
952 3163 1189 3244 Aristonicum,
1226 3162 1419 3254 Didymum,

358 3285 577 3355 Herodianum
610 3297 644 3356 et
678 3286 869 3358 Nicanorem
896 3290 987 3371 vulo,
1012 3309 1031 3358 e
1055 3289 1175 3379 quibus
1199 3288 1266 3358 duo
1291 3297 1420 3357 tanturn

358 3410 437 3478 mihi
467 3411 624 3502 prodesse
653 3422 823 3503 poterant,
853 3423 886 3482 et
922 3413 1053 3505 quidem
1084 3413 1288 3484 Aristonicus
1313 3413 1423 3483 multo

359 3534 433 3625 plus
465 3557 563 3626 quam
586 3535 734 3607 Nicanor.
784 3539 931 3620 Quorum
957 3539 1246 3630 grammaticorum
1272 3538 1351 3629 quid
1375 3537 1424 3607 illi

360 3658 512 3743 debeam,
529 3660 606 3753 quid
623 3673 732 3733 autern
757 3665 866 3747 alteri,
890 3686 930 3735 ex
955 3667 1122 3758 superiore
1143 3665 1420 3736 commentatione

361 3783 438 3852 satis
462 3784 574 3875 liquet.

405 3905 497 3977 Nunc
518 3930 595 3978 vero
619 3913 801 4002 paullulum
824 3914 978 4004 progredi
999 3914 1092 3999 licet,
1113 3927 1151 3985 ut
1164 3915 1203 3984 iis
1217 3915 1425 3987 observatio·

361 4029 473 4114 nibus,
499 4052 581 4122 quae
605 4054 642 4102 er
666 4035 841 4106 Aristarchi
864 4041 1146 4112 commentationis
1168 4043 1425 4135 topographicae

299 4161 303 4176 “
363 4153 549 4224 certissimis
595 4157 675 4227 locis
716 4163 894 4233 necessaria
937 4168 1168 4237 consecutione
1211 4169 1305 4259 sequi
1340 4170 1424 4240 milri
