3196 5292
881 673 924 742 to

366 895 418 960 ὅτι
452 896 536 960 κατὰ
573 889 630 969 τὰς
663 893 771 972 πελλας
806 897 921 982 πρὼτη
957 891 997 978 ἦν
1033 889 1323 980 suspicor'nolam
1347 910 1439 973 esse,

367 1014 408 1082 ab
441 1013 626 1084 Aristonico
661 1014 811 1084 haustam
843 1037 881 1084 ex
903 1014 1101 1084 Aristarcho.
1148 1015 1330 1094 Praeterea,
1355 1015 1438 1084 haec

367 1138 551 1209 observatio
574 1149 691 1210 natura
715 1161 773 1209 sua
797 1140 829 1208 in
853 1161 889 1209 ea
913 1160 997 1231 quae
1012 1139 1433 1209 adillustranda-mnavium

365 1263 539 1333 stationam
564 1264 695 1354 scripsit
708 1264 741 1334 in
754 1262 1031 1334 commentatione
1044 1264 1084 1333 de
1096 1263 1280 1344 navalibus,
1295 1261 1435 1332 maxime

366 1389 513 1478 quadrat.

411 1514 466 1583 llla
496 1522 607 1583 autem
631 1512 753 1584 scholia
777 1512 960 1603 dequibus
985 1511 1085 1580 modo
1109 1509 1265 1590 disserui,
1290 1509 1374 1578 inter
1396 1532 1435 1579 se

367 1638 543 1708 cohaerere
564 1637 644 1706 mihi
667 1637 799 1728 quidem
822 1637 982 1718 videntur,
996 1655 1102 1726 nequa
1115 1656 1191 1704 eum
1206 1644 1326 1704 temere
1338 1656 1434 1724 agere

367 1761 576 1843 crediderim,
618 1760 675 1851 qui
712 1761 850 1829 coniciet
887 1759 1110 1829 Aristarchum
1144 1759 1178 1827 in
1213 1759 1433 1849 disputatione

366 1885 492 1975 perdita
516 1884 562 1953 sie
585 1886 653 1954 fere
677 1867 907 1953 ratiocinatum
930 1904 1018 1952 esse:

412 2015 459 2076 cO
494 2007 559 2078 705
593 2009 747 2099 prorupit
781 2009 901 2077 Hector
934 2006 968 2076 in
999 2007 1168 2076 Protesilai
1191 2028 1321 2089 navem,
1347 2030 1431 2098 quae

365 2131 466 2222 igitur
496 2140 581 2203 κατὰ
604 2141 663 2214 τὰς
688 2136 796 2213 πόλεις
820 2140 933 2224 πρώτη
956 2134 1005 2222 ἦν,
1032 2129 1122 2223 quod
1144 2154 1246 2225 aeque
1269 2144 1431 2205 monstrat

366 2263 407 2325 N
439 2257 515 2326 681.
561 2257 764 2328 Consistebat
799 2258 883 2327 enim
919 2258 1040 2326 Hector
1072 2257 1126 2326 ubi
1149 2256 1292 2348 primum
1316 2270 1429 2348 portas

355 2361 398 2450 'et
421 2401 554 2450 murum
577 2380 748 2463 insilierat,

467 2505 538 2576 ἐνθ’
564 2511 643 2577 ἕσσο
666 2512 821 2587 Αἴπυτος
845 2536 879 2576 τε
905 2512 975 2589 υέες
999 2515 1053 2578 καὶ
1078 2511 1321 2598 Πρωτεσιλάου.

407 2629 520 2720 Itaque
550 2635 691 2722 πλησίον
718 2645 774 2706 τοῦ
798 2637 1029 2724 Πρωτεσιλάου
1053 2643 1071 2706 ό
1093 2642 1219 2722 Λοκρὸς
1244 2639 1336 2718 Aias
1360 2643 1429 2708 εὐε-

363 2759 464 2828 oleae
490 2757 606 2848 (schol.
631 2760 668 2823 A
692 2760 733 2828 ad
757 2765 798 2826 N
817 2759 910 2849 681).

407 2891 443 2950 Κ
462 2882 538 2953 110.
588 2883 708 2952 Nestor
737 2885 1013 2973 Agamemnonem
1047 2885 1250 2965 adhortatur,
1286 2895 1324 2953 ut
1347 2884 1428 2954 alios

368 3027 502 3100 quoque
525 3008 624 3077 duces
648 3007 781 3089 excitet,

476 3137 528 3223 ἡδ’
551 3139 694 3207 Αἰὀευτοτ
717 3139 822 3226 raptio
848 3141 902 3204 nul
929 3136 1054 3215 Φυλέος
1076 3136 1222 3220 ἄλκιμου,
1242 3138 1324 3203 υἱόυ.

408 3261 494 3348 Ergo
507 3264 645 3349 πλησίου
665 3269 721 3330 τοῦ
734 3269 864 3348 Λοκροῦ
877 3261 1029 3339 Αἰἀυτος
1042 3264 1060 3327 o‘
1071 3261 1188 3346 Μέγης
1202 3258 1427 3342 εὐευεωλκηκει

366 3383 492 3473 (addito
514 3385 684 3475 lortasse:)
716 3392 771 3455 nal
796 3386 965 3455 οιέσταλκε
989 3387 1023 3454 δὲ
1048 3383 1254 3473 (scitpoen)
1272 3389 1428 3470 προσθεὶς

369 3507 529 3597 ,,τοοχελυ”.
569 3507 694 3576 Etenim
720 3513 777 3581 τὸυ
800 3515 860 3595 μὲυ
885 3514 1015 3597 Λουρὸυ
1038 3513 1177 3580 Alam
1191 3515 1293 3599 τοιηῦυ
1306 3513 1428 3582 πολλα·

366 3643 423 3723 χοῦ
458 3635 563 3732 λεήει,
595 3641 653 3706 τὸυ
685 3639 720 3705 δὲ
744 3636 955 3723 Σαλαμίυιου
986 3640 1146 3706 ἀντίθεον
1183 3635 1303 3724 (Schol.
1337 3636 1427 3704 Aad

363 3765 398 3822 K
419 3755 485 3826 tto
509 3766 607 3847 atque
631 3759 724 3828 Euat.
750 3758 928 3851 tentet.»

408 3879 443 3949 In
471 3881 556 3950 libro
582 3882 677 3951 tertio
702 3883 827 3952 decimo
852 3894 981 3974 praeter
1004 3884 1133 3954 Aiacem
1157 3895 1190 3954 et
1212 3885 1426 3956 Protesilaum

364 4005 445 4074 alios
481 4005 578 4076 etiam
613 4019 784 4077 enumerat
816 4017 925 4098 poeta.
960 4009 1014 4078 Vs.
1049 4007 1114 4077 686
1142 4009 1246 4077 oratio
1270 4007 1356 4078 enim
1379 4008 1426 4078 sic

366 4129 491 4220 pergit:
