3196 5292
626 638 708 716 43

140 938 142 940 q
175 852 367 942 etquidem
401 847 610 931 inveniuntur
644 851 677 920 in
712 852 822 920 codice
859 852 983 920 Veneto
1018 853 1056 920 h.
1082 853 1234 922 Studium

174 979 275 1067 igitur
310 951 407 1066 qnod?
423 972 647 1067 susceperam,
672 976 820 1044 incohavi
844 976 876 1043 in
900 971 1071 1064 diligenter
1092 975 1238 1064 legendis

150 1119 211 1171 ac
243 1085 422 1191 relegendis
446 1101 508 1169 illis
533 1100 662 1169 scholiis
689 1120 772 1190 qnae
794 1100 903 1169 Primo
928 1099 960 1168 e't
984 1099 1134 1168 Secundo
1161 1120 1239 1168 oon·
1271 1171 1276 1179 ,

175 1227 319 1293 tinentur
349 1225 521 1294 Volumine
551 1225 620 1294 eius
650 1224 858 1321 scholiorum
888 1225 921 1294 in
950 1225 1082 1293 Homeri
1106 1224 1236 1294 Iliadem

173 1349 370 1420 Graecorum
394 1350 590 1420 recensionis
616 1347 713 1440 huam
738 1344 850 1420 Oxonii
875 1323 958 1419 anno
979 1349 1067 1418 1875
1085 1350 1118 1417 in
1129 1350 1237 1440 puhli-

174 1495 248 1542 cnm
277 1474 385 1544 emisit
408 1475 597 1544 Gnilielmns
622 1474 818 1544 [lindorfins.
865 1473 1011 1554 Quorum
1036 1473 1235 1543 scholiorum

174 1601 397 1669 collectionem
428 1621 466 1667 cx
498 1608 641 1689 quatuor
672 1598 959 1688 grammaticorum
995 1597 1125 1687 scriptis
1147 1613 1237 1664 com·

173 1719 314 1815 positam
335 1711 405 1793 esse
422 1735 564 1805 constat,
587 1725 677 1813 qnod
698 1724 816 1792 diserte
829 1720 1086 1812 subscriptiones
1101 1720 1235 1810 singulis

173 1849 355 1939 rhapsodiis
380 1849 521 1917 adiectae
545 1849 686 1917 indicant
710 1849 798 1917 hisce
823 1819 947 1917 serbis:
976 1859 1170 1940 παράκειται
1195 1852 1237 1919 τὰ

173 1975 408 2062 Ἀριστονίκου
431 1985 563 2064 σημεῖα,
588 1979 642 2043 καὶ
667 1979 708 2044 τὰ
732 1978 879 2061 Διδιῐμοιι
895 1983 966 2064 περὶ
983 1983 1038 2060 τῆς
1059 1975 1236 2060 Ἀρισταρ·

173 2108 261 2192 pedon
284 2104 504 2189 διορθώσεως,
528 2101 656 2172 τινὰ·δέ
678 2107 732 2170 καὶ
755 2107 790 2170 ἐκ
812 2111 867 2186 τῆς
888 2098 1035 2186 Ἰλιοικῆς
1052 2101 1235 2188 προσῳδίας

171 2229 380 2314 Ἥρωδιοιοοῦ
405 2233 458 2297 καὶ
484 2231 517 2294 ἐκ
542 2232 597 2294 τοῦ
621 2231 811 2316 Νικάνορος
835 2232 908 2314 περὶ
930 2239 1077 2312 στιγμῆς,
1100 2224 1234 2314 ι’θΙπιρὶ

172 2361 228 2437 τῆς
262 2355 437 2441 Ὁμηρικῆς
471 2365 620 2438 στιγμῆς,
655 2361 692 2417 ul
727 2351 846 2440 legitur*
881 2351 915 2420 in
947 2350 1012 2420 fine
1041 2349 1235 2440 rhapsodiae

173 2457 287 2543 tertiae
309 2486 343 2543 et
367 2487 511 2564 quartae.

216 2598 459 2689 subscriptione
490 2601 573 2670 duae
604 2611 714 2671 carent
744 2599 938 2701 rhapsodias
968 2613 1000 2670 P
1027 2610 1059 2668 et
1082 2607 1129 2680 n,
1155 2621 1234 2689 qua-

171 2743 261 2803 rum,
297 2733 335 2791 ut
370 2723 481 2793 docuit
515 2724 701 2820 Dindorhns
735 2725 769 2794 in
799 2723 1000 2800 Praelatione
1023 2726 1066 2796 ad
1090 2726 1235 2796 Scholio-

170 2867 245 2916 rum
281 2847 351 2916 Vol.
383 2849 396 2916 l
423 2871 455 2939 p.
490 2848 527 2931 6,
564 2849 675 2940 »prior
704 2849 738 2919 in
768 2852 917 2919 lacunam
949 2851 1076 2934 incidit,
1112 2850 1235 2933 ammte

147 2972 248 3041 ¹lolio
272 2982 380 3041 vetere
407 2973 534 3062 (versus
560 2973 732 3044 tte-761
761 2977 966 3068 complexo),
995 2975 1047 3047 cui
1071 2975 1234 3050 recentius

170 3097 239 3165 sine
259 3097 499 3188 subscriptione
518 3098 633 3167 lolium
655 3111 705 3168 est
725 3099 956 3182 substitutum,
971 3100 1111 3174 alteram
1124 3101 1234 3177 omisit

169 3221 319 3290 librarius
351 3243 416 3290 non
446 3233 609 3313 repertam
640 3224 673 3291 in
697 3223 808 3293 codice
831 3245 872 3293 ex
896 3243 962 3314 qno
985 3235 1231 3316 postremorum

169 3345 266 3416 huius
291 3346 484 3436 rhapsodiae
507 3347 661 3420 foliorum
686 3347 807 3417 scholia
832 3349 1032 3440 descripsit.»

212 3471 360 3540 hl‘firmat
401 3472 501 3561 igitur
543 3472 600 3562 qui
638 3473 716 3540 haec
752 3475 859 3542 omnia
895 3473 1039 3562 collegit,
1077 3485 1113 3543 nt
1149 3496 1232 3564 quae

168 3595 323 3684 Berghins
347 3597 428 3664 hist.
453 3596 527 3666 Litt.
551 3596 604 3666 Gr.
629 3597 698 3664 Vol.
726 3597 738 3664 l
763 3619 796 3687 p.
821 3596 885 3666 908
908 3597 941 3665 in
962 3597 1231 3672 annotationem
1291 3597 1292 3600 ’

169 3719 351 3810 scripserit,
381 3720 491 3788 Latine
515 3730 657 3802 vertam,
685 3741 740 3789 ‹rse
761 3721 980 3794 Aristonicum
1003 3732 1037 3794 et
1059 3722 1232 3814 Didymum

114 3825 119 3832 ’
167 3843 312 3933 integros
347 3845 499 3926 reddere,
537 3866 600 3934 qua
636 3844 668 3912 in
707 3864 742 3914 re
769 3858 877 3914 tamen
911 3847 1007 3916 verba
1042 3859 1075 3916 el
1107 3848 1231 3918 litteras

168 3968 261 4058 sequi
295 3989 360 4039 non
388 3971 554 4040 dehemus.
601 3969 729 4038 Etenim
760 3971 836 4040 licet
867 3985 1162 4093 sommemrerum
1187 3972 1231 4041 ita

168 4091 370 4182 repetiverit,
410 4105 469 4172 ut¹
491 4093 568 4161 nihil
605 4096 712 4184 magni
747 4096 904 4166 momenti
939 4091 1230 4188 preelermitteret‚
