3196 5292
883 670 925 739 5e

323 917 327 926 ·
416 889 447 956 1.
472 888 543 955 cod.
569 886 645 954 Ven.
674 886 718 953 A:
751 889 802 955 ὅτι
828 895 993 974 συγχεῒται
1019 888 1059 954 τοὶ
1084 895 1138 969 τῆς
1162 888 1280 965 τάξεως
1304 887 1361 953 διὰ
1381 895 1449 970 τὴν

375 1024 430 1086 τοῦ
457 1013 599 1101 πολέμου
625 1021 781 1101 ταραχήν.

418 1137 449 1206 2.
474 1137 568 1206 codd.
585 1136 651 1204 VL:
674 1137 894 1226 Ἀρίσταρχος
911 1139 946 1205 δὲ
965 1141 1007 1213 ὡς
1024 1141 1196 1224 ποιητικὸν
1214 1149 1448 1225 παραιτεῖται.

418 1261 448 1330 3.
485 1262 578 1332 codd.
615 1262 711 1330 BVL:
743 1269 775 1331 οἱ
799 1266 853 1344 δι’,
881 1268 931 1332 δτι
958 1266 1157 1353 συγκέχυται
1181 1273 1202 1350 ἡ
1223 1273 1326 1354 μάχη,
1371 1255 1373 1260 ¹

376 1388 464 1479 qood
487 1387 574 1456 idem
599 1396 649 1456 est
671 1407 708 1455 ac
732 1386 833 1455 schol.
858 1392 911 1467 A,
933 1387 1117 1456 breviorem
1133 1388 1284 1456 tamenin
1298 1389 1450 1458 sormam

376 1515 555 1584 redactum.

422 1640 531 1728 Longe
553 1648 661 1706 autem
687 1635 817 1726 gravior
839 1646 890 1706 est
912 1636 1079 1728 Porphyrii
1106 1637 1160 1727 (de
1185 1658 1251 1727 quo
1265 1638 1328 1707 vid.
1342 1639 1450 1708 Bern-

342 1771 346 1779 '
376 1766 516 1858 hardyus
553 1765 585 1833 in
621 1763 701 1832 Hist.
737 1762 811 1831 Litt.
835 1760 888 1830 Gr.
912 1761 1054 1830 editione
1078 1761 1170 1831 tertia
1195 1762 1265 1830 Vol.
1291 1761 1332 1843 ΙΙ,
1356 1762 1393 1831 P.
1422 1763 1440 1830 d

377 1915 409 1982 p.
434 1889 513 1981 vot)
539 1901 632 1971 nota,
658 1910 756 1979 quam
780 1885 983 1978 repperimus
1006 1887 1040 1956 in
1356 1891 1358 1896 '

421 2019 453 2088 lt.
478 2018 548 2088 cod.
572 2018 649 2086 Ven.
673 2017 713 2084 B:
739 2017 945 2106 Πορφορῖου.
971 2008 1136 2087 α’δύιιατόί
1162 2041 1261 2102 φασιν
1283 2012 1367 2085 εἶναι
1388 2022 1447 2084 ἐπὶ

371 2151 438 2216 τὸο
464 2149 604 2216 Αἰἀιιτα
636 2150 672 2214 τό
703 2146 797 2234 βέλος
833 2150 988 2243 rumpitis
1018 2150 1063 2224 εἷς
1093 2143 1285 2229 Ἰθακήσιον
1318 2144 1464 2214 ἐλθεῖν·-

385 2279 417 2340 οἱ
448 2278 508 2359 γὰρ
540 2269 724 2357 Ἰθακήσιοι
758 2273 865 2358 πόρ’ῥω
895 2272 1089 2357 τεταγμένοι
1114 2274 1191 2350 εἶσι,
1217 2275 1272 2339 καὶ
1297 2271 1333 2339 οὐ
1357 2277 1448 2339 κατὰ

382 2405 456 2481 τούς
471 2395 710 2475 ’Σαλαιιιοὶοος
734 2402 788 2466 καὶ
813 2403 970 2484 Λοκρούς.

424 2525 523 2596 Cuius
546 2523 723 2594 sententiae
741 2521 954 2612 subsequitur
965 2518 1133 2611 Porphyrii
1151 2517 1322 2600 refutatio,
1343 2539 1446 2608 quam

382 2650 605 2743 superioribus
630 2658 800 2717 annectere
824 2665 1111 2738 supervacaneum.

425 2775 546 2856 Quodsi
569 2774 679 2864 paullo
703 2771 886 2842 accuratius
913 2792 950 2840 ea
970 2771 1090 2840 scholia
1111 2767 1445 2854 consideraverimus,

380 2900 560 2972 videbimus
596 2897 755 2968 scholium
778 2897 940 2988 primum,
969 2895 1101 2965 tertium
1124 2905 1157 2964 et
1182 2904 1336 2984 quartum
1359 2895 1449 2965 inter

381 3049 416 3097 se
451 3024 637 3104 convenire,
675 3023 835 3093 secundae
869 3043 945 3092 vero
982 3031 1078 3091 notae
1114 3043 1190 3090 cum
1226 3021 1341 3090 ceteris
1365 3022 1448 3090 nihil

381 3172 454 3221 esse
487 3169 670 3219 commune.
716 3147 839 3240 Nempe
875 3169 977 3238 quum
1014 3148 1106 3216 locus
1143 3168 1238 3237 quem
1272 3169 1446 3239 perperam

381 3278 507 3346 Leucus
553 3275 683 3344 tenebat
715 3314 760 3326 -
795 3274 847 3342 hic
886 3273 971 3342 enim
1008 3273 1214 3364 quaerendus
1250 3283 1299 3342 est
1334 3293 1444 3355 error,

381 3412 418 3470 ut
441 3402 485 3472 ita
508 3401 630 3482 dicam,
653 3397 908 3490 topographicus
931 3436 976 3452 -
1001 3409 1137 3490 propter
1159 3398 1320 3467 licentiam
1337 3399 1445 3489 poeti-

382 3549 452 3596 cam
486 3525 699 3615 vituperetur,
735 3523 828 3593 nobis
864 3545 930 3592 non
961 3545 1045 3614 opus
1076 3534 1129 3592 est
1152 3534 1381 3613 argumentum
1406 3547 1446 3594 ex

381 3649 503 3719 ordinis
537 3648 782 3739 perturbatione
817 3649 969 3730 ductum,
1010 3648 1110 3718 immo
1146 3671 1233 3722 vero.
1253 3672 1295 3719 ne
1318 3650 1447 3719 admitti

381 3775 514 3866 quidem
537 3784 657 3865 potest.
697 3774 823 3843 Etenim
847 3775 1142 3866 licentiapoetica‚
1168 3775 1293 3866 opinor,
1317 3776 1444 3845 veniam

381 3901 452 3970 eius
477 3901 563 3970 'dare
598 3901 694 3969 debet
729 3900 791 3982 rei,
829 3923 913 3991 quae
947 3901 1016 3970 aliis
1051 3901 1182 3970 Homeri
1214 3902 1293 3971 locis
1318 3902 1426 3971 obstat
1436 3927 1444 3986 ;

381 4028 506 4120 proelio
542 4038 654 4097 contra
691 4027 779 4117 quod
811 4027 913 4096 aciem
953 4027 1164 4096 constitutam
1193 4026 1310 4096 evertit
1332 4025 1444 4094 eadem

386 4176 439 4230 res
470 4195 516 4208 -
544 4155 688 4226 Leucum
723 4173 873 4224 consuo
896 4152 1091 4246 pugnavisse
1113 4152 1186 4222 loco
1209 4189 1250 4204 -
1276 4170 1349 4219 vera
1371 4149 1446 4218 red-
