3196 5292
375 901 403 966 εἰ
426 898 461 964 δὲ
484 903 704 984 σννόπτοιμεν
739 906 874 986 κρόσσας
898 906 1029 990 πύργων
1055 909 1113 985 τὰς
1137 907 1269 996 ἐξοχὰς,
1295 913 1370 997 περὶ
1401 899 1456 979 ὧν

375 1029 411 1095 ἓν
433 1031 501 1103 τοῖς
523 1031 595 1112 περί
619 1031 833 1114 ναυστάθμου
857 1029 996 1112 λέγεται.

418 1147 464 1217 De
494 1149 559 1218 fine
587 1148 686 1220 huius
716 1150 829 1221 scholii
853 1152 1010 1222 lectorem
1028 1153 1069 1222 ad
1088 1174 1125 1223 ea
1147 1175 1231 1245 quae
1255 1155 1317 1225 hac
1340 1156 1385 1226 de
1414 1177 1458 1226 re

374 1273 408 1342 in
430 1273 675 1344 Introductione
697 1297 770 1367 pag.
794 1275 833 1346 11
861 1277 1043 1369 disputavi,
1068 1280 1188 1370 relego.

418 1399 568 1470 Ceterum
599 1400 741 1470 Venetus
777 1401 807 1469 B
836 1402 878 1470 ad
900 1403 1040 1472 eundem
1063 1404 1174 1473 locum
1196 1403 1280 1474 hanc
1304 1404 1448 1496 exposi-

377 1527 498 1597 tionem
521 1525 663 1595 continet
686 1525 953 1618 Porphyrianam:

419 1653 678 1742 όἈρίοταρχος
714 1658 766 1724 ἐπὶ
804 1656 972 1741 κλιμάκων
1009 1658 1166 1740 οἰκούσας,
1207 1661 1262 1723 καλ
1300 1661 1337 1724 τό
1361 1685 1451 1746 προ·

377 1786 509 1867 κρόσσας
532 1779 710 1858 υίποόιόοός
734 1785 787 1849 ἐπὶ
812 1784 877 1849 τῶν
903 1786 985 1850 νεῶν
1009 1780 1221 1870 κλιμακιχόόν,
1250 1779 1357 1870 (estne
1385 1781 1450 1848 hic

376 1902 585 1972 inserendum
607 1905 879 1993 νενεωλκημίνων
902 1904 951 1972 vel
976 1906 1230 1992 είλκυσμίνωνί)
1245 1912 1282 1975 τό
1303 1911 1447 1995 πύργων

378 2033 475 2118 ἔρυον
510 2029 710 2100 οἷποόίόοοσιν
746 2035 799 2100 ἐπί
833 2033 907 2109 τούς
940 2036 1084 2118 πύργους
1118 2031 1222 2119 ἴρυον,
1259 2032 1448 2113 ἀποδιδούς

379 2159 543 2239 οἰνεῐλκον,
581 2160 624 2238 ώς
660 2158 815 2227 κλειστῶυ
858 2163 914 2225 καί
958 2161 1178 2244 ουγκαμπτῶν
1221 2156 1326 2228 οὐσῶν
1371 2163 1446 2226 τῶν

381 2287 556 2372 κλιμάκων.
580 2293 827 2372 παραμυθεῖται
851 2283 887 2351 όέ
911 2287 946 2363 ἐξ
968 2286 1109 2372 Ὁμήρου
1132 2287 1169 2349 τό
1194 2286 1326 2369 πύργων
1343 2284 1445 2370 ἔρυον

380 2413 558 2491 οίποόιόοός
580 2413 656 2481 οίυτλ
681 2418 736 2480 τοῦ
761 2415 814 2480 ἐπὶ
839 2415 914 2490 τούς
947 2416 1091 2498 πύργους
1125 2413 1231 2497 ἔρυον,
1256 2413 1292 2476 ἐκ
1314 2413 1442 2478 τούτων

1092 2540 1122 2604 οἱ
1146 2536 1180 2603 θλ
1204 2537 1358 2622 μένοντες

445 2663 589 2732 ἕστασαν
611 2665 732 2730 ὁππότε
755 2667 877 2749 πύργος
903 2659 1054 2751 Ἀχαιῶν
1077 2661 1177 2739 ἄλλος
1207 2659 1358 2731 ἐπελθόν

445 2792 567 2874 Τρώων
590 2791 733 2874 ὁρμήσειε
760 2783 805 2874 (Δ
828 2781 907 2874 333)

423 2912 499 2983 οἶνοί
533 2920 588 2980 κοῦ
625 2917 678 2981 ἐπὶ
714 2917 789 2991 τούς
823 2917 965 3000 πύργους
1000 2917 1107 2999 ἔρυον.
1147 2919 1201 2980 καί
1237 2915 1439 2992 ,,α’κόντισαν

379 3036 587 3125 Ἰόσμενῆσς”
627 3036 682 3126 (Ν
703 3035 796 3125 502).
836 3039 894 3108 οὐκ
928 3045 986 3107 εἶσί
1013 3041 1047 3107 δὲ
1072 3045 1203 3127 κρόσσαι
1227 3044 1263 3106 αἱ
1286 3039 1440 3125 κλίμακες

380 3167 464 3234 α’λλολ
497 3165 623 3251 μᾶλλον
659 3171 691 3234 οί
725 3165 891 3255 ἐξέχοντος
928 3164 1018 3232 λίθοι
1055 3169 1089 3233 ἐν
1121 3175 1189 3244 τοῖς
1212 3171 1359 3251 πύργοις,
1384 3168 1439 3243 οὓς

380 3299 530 3362 ποιοῦσιν
555 3298 599 3369 εἷς
624 3295 660 3360 τό
678 3293 865 3378 ἐμποδίζειν
883 3297 940 3370 τοὶς
953 3299 1019 3360 τῶν
1032 3300 1274 3381 μηχανημάτων
1288 3293 1438 3380 ἐμβολάς.

380 3421 542 3487 οὕτωκαὶ
575 3424 726 3505 κρόσσους
763 3419 899 3503 ἱματίων
925 3419 1060 3504 λέγομεν
1084 3422 1158 3498 τούς
1183 3421 1354 3508 ἐξέχοντας
1367 3426 1439 3502 σπη’·

379 3539 481 3630 μουας
512 3548 567 3611 καί
592 3550 787 3631 πρόκροσσαι
813 3544 848 3610 δὲ
873 3549 909 3611 αἱ
934 3554 1005 3630 νῆες
1029 3547 1065 3611 αἱ
1085 3552 1127 3631 μὴ
1153 3543 1205 3612 ἐπ’
1228 3547 1301 3612 ἰὀου
1329 3548 1440 3633 στίχου

381 3672 609 3757 εὲλκυομίναι,
645 3669 719 3737 α’λλ’
754 3672 923 3760 ε’ξίχουσαὶ
958 3676 1051 3750 εἰσιν,
1089 3669 1138 3755 ἐφ’
1176 3664 1223 3740 ὧν
1256 3671 1311 3737 διὰ
1334 3673 1369 3737 τό
1393 3675 1436 3754 μὴ

380 3807 509 3876 πάντας
532 3799 618 3885 ἔχειν
645 3799 837 3885 ἰσαρίθμους
862 3796 999 3881 «στήλας
1014 3823 1048 3864 τε
1064 3795 1250 3885 προβλῆτας
1263 3793 1435 3884 ἐμόχλεον»

297 4007 301 4018 ‚
383 3927 457 4001 τούς
482 3922 678 4011 λεγομένους
701 3927 926 4012 προμαχῶνας.

425 4045 569 4137 Denique
603 4045 747 4114 addenda
780 4066 864 4135 quae
898 4043 1017 4114 903.7
1055 4044 1152 4113 tradit
1174 4042 1363 4112 Eustathius
1386 4048 1438 4113 ὅτι

391 4181 520 4262 κρόσσαι
542 4177 602 4260 μὲν
626 4181 710 4243 κατά
734 4200 827 4256 τινας
848 4177 885 4242 αί
905 4181 1004 4264 ἄκραι
1027 4177 1093 4245 τῶν
1116 4180 1248 4261 πύργων
1273 4171 1344 4260 (καλ
1368 4177 1437 4242 σίου
