3196 5292
887 661 930 730 28

380 880 486 970 (Eust.
511 877 585 948 903.
601 877 646 968 7.)
685 881 858 970 ἤίξοχαὶ,
883 887 904 966 ἤ
927 879 1097 964 κεφαλίδες
1135 873 1249 964 (schol.
1275 876 1310 943 A
1334 875 1389 944 nd
1419 883 1468 940 M

377 1005 457 1095 258)
484 1055 563 1080 ....
586 1005 705 1075 etenim
740 1009 768 1075 εἰ
799 1013 841 1094 μὴ
867 1011 1021 1092 νοήσομεν
1056 1008 1189 1092 κρόσσας
1223 1011 1282 1082 τὰς
1328 1001 1464 1086 κλίμα·

378 1162 454 1218 κας,
478 1139 547 1212 πῶς
566 1139 610 1204 ἂν
633 1133 739 1212 ἄλλως
763 1134 920 1202 δύναιντο
951 1131 1147 1222 ἀναβαίνειν
1172 1131 1224 1198 ἐπὶ
1249 1133 1285 1198 τὸ
1310 1139 1461 1218 zatzon:

380 1260 496 1351 (schol.
519 1261 556 1326 Α
563 1293 566 1300 ⁴
580 1259 620 1328 ad
643 1265 686 1326 M
706 1256 799 1348 375).

422 1386 505 1454 Tum
554 1383 729 1454 subsecuta
778 1391 871 1464 sunt,
921 1393 959 1450 ut
1010 1379 1167 1460 arbitror,
1215 1377 1284 1447 aliis
1331 1377 1460 1448 verbis

380 1512 433 1602 (cf.
471 1509 569 1580 huius
611 1508 845 1579 dissertationis
875 1507 965 1600 .Cap.
1000 1505 1041 1574 111
1075 1504 1172 1594 §nr
1209 1525 1246 1573 ea
1281 1525 1365 1594 quae
1418 1503 1459 1572 in

377 1633 593 1728 Porphyrium
624 1645 702 1704 nota
736 1634 851 1725 (schol.
883 1633 968 1702 Bad
998 1629 1131 1719 naon)
1168 1630 1322 1718 leguntur
1362 1627 1456 1696 inde

377 1761 417 1830 ab
445 1768 483 1832 τό
514 1769 646 1850 πύρνων
679 1764 773 1852 ἔρυον
809 1779 915 1850 usqne
946 1758 985 1828 ad
1010 1761 1066 1828 οὐκ
1092 1761 1150 1828 εἶσὶ
1187 1761 1221 1827 δὲ
1247 1763 1378 1846 κρόσσαι
1411 1761 1457 1824 αἱ

377 1890 539 1973 κλίμακες.

420 2011 542 2092 Ouodsi
576 2021 664 2080 recte
700 2009 833 2079 rationis
870 2007 1047 2078 Aristarchi
1078 2006 1210 2096 vestigia
1242 2018 1448 2098 persecutus

376 2161 468 2220 sum,
502 2158 619 2229 operae
650 2135 793 2228 pretium
825 2144 875 2205 est
905 2134 1013 2204 videre
1053 2155 1127 2202 oum
1165 2132 1244 2222 quid
1267 2131 1320 2202 alii
1344 2133 1382 2200 de
1411 2132 1449 2200 vi

376 2264 525 2335 vocabuli
556 2273 687 2353 κρόσσσι
717 2260 871 2343 sentiant,
904 2263 975 2328 turn
1002 2258 1081 2350 quid
1105 2257 1144 2326 dc
1167 2256 1298 2328 narium
1322 2255 1444 2326 ordine

377 2411 455 2460 vero
478 2389 701 2481 propinquum
725 2409 797 2458 esse
819 2385 1016 2456 recentiores
1041 2384 1234 2456 existiment.

420 2513 606 2606 Hesychius,
629 2514 695 2584 sire
714 2513 824 2605 potius
848 2513 918 2582 eius
942 2523 1065 2592 auctor,
1090 2510 1267 2580 Aristarchi
1291 2511 1441 2603 opinioni
1505 2499 1508 2503 ¹
1572 2596 1573 2609 χ

377 2640 566 2731 adstipulari
597 2660 663 2710 uon
693 2650 820 2730 potest,
856 2661 948 2722 nam,
985 2637 1106 2728 inquit,
1142 2635 1284 2706 Homero
1315 2658 1440 2708 nomen

378 2777 434 2855 τῆς
455 2768 611 2856 κλίμακος
631 2765 831 2853 incognitum
847 2763 909 2833 ruit
926 2763 1029 2854 (quod
1045 2761 1228 2852 argumenti
1243 2762 1316 2832 loco
1330 2765 1438 2832 valere

375 2913 471 2963 nemo
507 2891 598 2960 facile
634 2891 800 2972 desendet,
837 2890 986 2982 opinor),
1022 2889 1162 2958 necdum
1196 2887 1299 2978 ipsius
1331 2900 1437 2958 aetate

374 2995 486 3086 bellica
509 3015 724 3086 instrumenta
748 3015 781 3084 in
804 3036 868 3114 usu
892 3034 963 3084 esse
987 3019 1170 3104 coeperant.

418 3141 497 3210 Earn
533 3141 575 3209 oh
611 3162 742 3210 causam
786 3140 907 3209 Tollius
949 3139 982 3208 in
1020 3160 1077 3208 sua
1120 3137 1281 3229 Apollonii
1329 3139 1435 3208 Lexici

375 3267 515 3337 editione
531 3267 780 3358 interpretatur:
808 3265 912 3346 «Quas
926 3272 1085 3335 memorat
1097 3262 1258 3332 Homerus
1272 3267 1435 3354 κλίμακας

377 3391 425 3482 (at
454 3413 521 3461 non
552 3391 598 3460 sie
628 3400 698 3460 erat
727 3391 916 3472 dicendum,
948 3411 1061 3461 verum
1086 3398 1142 3461 aut
1167 3411 1248 3479 quas
1271 3403 1432 3460 memorat

374 3515 580 3585 Aristarchus
607 3519 783 3604 κλίμακας,
809 3525 865 3584 aut
884 3538 915 3605 q.
928 3537 970 3584 m.
992 3515 1152 3603 Homerus
1166 3517 1313 3607 κρόσσας)
1329 3519 1430 3588 scalae

374 3650 467 3722 sunt,
501 3639 619 3730 quihus
650 3641 684 3709 in
715 3640 841 3710 aedium
872 3651 955 3709 tecta
980 3641 1126 3713 solebant
1151 3644 1341 3728 escendere3
1364 3667 1432 3718 uon

373 3775 482 3835 autem
512 3765 726 3836 instrumenta
757 3766 980 3857 poliorcetim,
1014 3767 1119 3858 qualia
1146 3790 1221 3837 cum
1243 3769 1431 3842 Aristarcho

373 3888 589 3980 interpretum
613 3891 708 3960 multi
731 3891 764 3960 in
789 3902 950 3984 κροσσάων
970 3892 1133 3963 mentione
1154 3893 1354 3984 cogitarunt,
1375 3899 1432 3987 qui

373 4013 402 4082 M
425 4012 490 4082 258
520 4013 815 4105 interpretabantur
840 4024 895 4090 ἐπὶ
921 4026 995 4104 τούς
1019 4029 1159 4110 πόρνους
1185 4024 1233 4092 vel
1257 4031 1341 4094 κατὰ
1364 4033 1431 4096 τῶν

379 4148 509 4232 πύργων
534 4149 592 4227 τὰς
614 4146 774 4238 κλίμακας
797 4145 934 4221 εἷλκον.»
