3196 5292
867 697 910 768 48

401 908 543 979 Eandem
567 929 681 978 navem
705 911 792 980 unde
811 911 963 981 hortetur
983 912 1137 994 achivos,
1157 923 1192 982 ut
1207 915 1429 988 Troianorum

358 1035 518 1124 impetum
542 1033 738 1115 sustineant,
768 1034 865 1124 elegit
889 1036 1126 1124 Agamemnon,
1151 1039 1280 1131 dequo
1306 1047 1334 1109 o
1358 1042 1429 1112 0223

358 1169 455 1250 poeta
479 1159 543 1228 sie:

470 1297 527 1372 στῆ
551 1286 580 1356 d'
606 1289 658 1354 ἐπ’
680 1286 852 1372 Ὀδυσσῆος
873 1298 1051 1374 μεγακήτεϊ
1072 1297 1126 1377 νηὶ
1150 1292 1309 1382 μελαίνη,

470 1422 492 1498 η
515 1412 542 1498 ῥ’
567 1417 602 1482 έν
624 1421 770 1500 μεσσάτῳ
794 1417 886 1495 tour,
912 1417 1094 1501 γεγωνέμεν
1118 1418 1343 1504 ἀμφοτέρωσε,

360 1533 521 1623 adquam
546 1535 655 1603 locum
678 1534 710 1603 in
735 1535 846 1605 codice
868 1536 896 1604 A
922 1537 1123 1628 adscriptum
1147 1550 1214 1608 est:

360 1666 438 1750 πρὸς
462 1669 522 1748 τὴν
546 1667 640 1742 τάξιν
665 1673 720 1748 τῆς
745 1654 900 1743 νεολαίας
925 1675 946 1751 η
969 1675 1202 1753 παρατήρησις.

406 1783 550 1865 Quarum
580 1785 844 1855 observationum
876 1787 928 1856 illa
964 1799 1090 1856 tantum
1121 1788 1153 1856 in
1178 1789 1430 1858 commentatio-

362 1931 437 1979 ncm
461 1910 501 1979 de
523 1909 691 1978 navalibus
716 1910 973 1983 transferendam
997 1932 1085 1991 esse,
1113 1911 1289 2002 unicuique
1323 1924 1427 2003 patet.

407 2036 456 2105 Ad
479 2043 517 2100 H
538 2034 616 2116 tto,
650 2046 687 2103 ut
710 2033 788 2103 haec
812 2033 916 2103 obiter
938 2055 1106 2115 moneam,
1132 2034 1188 2102 ubi
1211 2034 1429 2126 Myrmidones

363 2161 461 2231 armis
496 2160 599 2250 captis
634 2160 676 2228 ad
709 2159 839 2228 hostem
874 2159 1097 2249 repellendum
1128 2158 1266 2228 Achilles
1291 2158 1428 2242 excitat,

364 2305 545 2374 eorumque
567 2303 742 2352 numerum
766 2294 863 2374 poeta
888 2296 1123 2354 commemorat
1145 2285 1233 2354 hisce
1256 2285 1380 2355 verbis:

476 2410 670 2496 πεντήκοντ’
692 2409 774 2496 ἦσαν
800 2421 872 2496 νῆες
899 2416 996 2488 θοαί,
1021 2404 1094 2500 ᾖσιν
1120 2395 1296 2501 Ἀ’χιλλειλ1

476 2543 507 2616 ἐν
531 2538 654 2626 Τροίην
677 2546 786 2622 ἠγεῖτο
811 2538 968 2622 deletion,
994 2543 1029 2606 ἐν
1056 2540 1090 2605 δέ
1116 2546 1232 2626 ἑκάστη
1264 2549 1266 2552 ’

475 2665 669 2752 σεντηιιόντ’
694 2667 777 2732 έσαν-
795 2666 914 2750 ἄνδρες
940 2668 992 2730 ort
1017 2664 1145 2750 κληῖσιν
1170 2670 1315 2749 ἑταῖροι,

365 2787 397 2854 in
421 2786 514 2855 codd.
539 2785 589 2852 BL
612 2785 767 2874 leguntur
789 2785 905 2854 haece:

365 2921 452 2991 πῶς,
484 2915 599 2997 φασίν,
632 2916 667 2982 ἐν
699 2919 823 2982 ἅπασιν
856 2916 963 2993 αὔξων
998 2914 1158 3003 Ἀχιλλέα
1193 2920 1295 3002 τούτῳ
1322 2924 1428 3001 μειοῖ,

365 3043 430 3107 α’νὰ
454 3044 661 3121 πεντήκοντα
683 3045 783 3126 μόνον
808 3039 912 3123 λέγων
938 3043 1024 3130 ἔχειν
1050 3047 1108 3118 τὰς
1134 3049 1234 3118 cariat
1258 3047 1346 3120 τινές
1366 3049 1427 3128 μέν

367 3161 424 3236 οὖν
449 3171 549 3251 σασλν
572 3169 623 3233 ὃτι
649 3167 707 3233 οὐκ
733 3171 769 3234 ἐν
793 3166 913 3248 πλήθει
938 3175 958 3251 η
980 3169 1096 3252 ἀρετὴ,
1123 3165 1194 3232 a‘tt‘
1217 3171 1251 3235 ic
1270 3170 1427 3252 τοῖςπερὶ

367 3291 470 3377 αὐτὴν
506 3296 708 3376 σεμνύνεται.
742 3291 962 3380 Ἀρίσταρχος
1000 3291 1035 3358 δέ
1070 3317 1169 3378 φησιν
1203 3296 1255 3360 ὅτι
1292 3292 1347 3359 διὰ
1372 3299 1428 3358 τοῦ

368 3420 422 3484 ε’πλ
447 3403 575 3505 κληῗσιν
600 3418 757 3503 ἐδήλωσεν
781 3422 823 3496 ὡς
846 3423 940 3503 μόνοι
963 3421 995 3485 oi
1017 3418 1124 3501 ἐρέται
1150 3416 1233 3502 ἦσαν
1259 3421 1323 3485 drot
1351 3444 1430 3485 πεν-

367 3552 521 3628 τήκοντα·
556 3548 592 3611 td
628 3545 662 3611 δέ
698 3544 813 3613 λοιπόν
850 3543 977 3629 πλῆθος
1020 3548 1086 3611 τῶν
1128 3543 1330 3626 πολεμιστῶν
1369 3543 1426 3608 οὐκ

369 3671 616 3756 ἐμνημόνευσεν,
641 3673 718 3755 ὅπερ
745 3669 955 3754 ἐπιφέρονται
980 3672 1016 3734 αἱ
1039 3677 1122 3751 νῆες’.

413 3789 601 3859 Atteruitne
635 3790 841 3860 Aristarchus
875 3791 959 3859 hanc
981 3790 1242 3859 observationem
1266 3811 1329 3858 una
1354 3811 1429 3859 cnm

368 3915 441 3984 loco
476 3913 608 3982 laudato
645 3914 683 3982 iis
719 3936 802 4003 quae
834 3925 916 3983 teste
948 3914 1048 3982 schol.
1074 3916 1110 3979 Α
1135 3915 1175 3983 ad
1199 3923 1233 3979 Λ
1255 3913 1275 3983 6
1300 3915 1432 3984 tradidit

370 4039 505 4108 deloco
530 4059 627 4128 quem
651 4038 782 4106 Achillis
806 4059 902 4108 naves
928 4039 1103 4109 tenebant?

370 4163 432 4234 Sed
455 4164 600 4234 'nondum
624 4184 743 4232 nomen
768 4185 879 4232 meum
902 4163 1036 4233 exsolvi.
