3196 5292
608 725 614 735 .
660 659 721 728 ts

165 878 244 960 πρὸς
267 878 342 951 τούς
364 877 607 952 ὁποτάοοουτας
631 885 698 954 τοῖς
710 875 913 964 Ἀθηναίοις
930 883 988 946 τὸν
1002 879 1227 963 Τελαμώνιον.

211 994 328 1074 Quidni
363 996 473 1064 statim
508 997 641 1079 addam,
675 999 744 1067 aliis
776 1021 910 1090 quoque
933 1001 1014 1071 locis
1039 1003 1230 1076 scholiastae

167 1119 302 1188 titulum
326 1121 504 1190 celavisset
527 1121 634 1212 Atque
656 1103 690 1191 id
713 1122 821 1213 ipsum
844 1134 975 1194 nostrae
996 1125 1230 1217 disquisitionis

165 1243 228 1312 erit
251 1245 457 1336 principium.

210 1370 262 1437 Bis
288 1381 565 1464 commemoratur
588 1378 624 1441 τὸ
649 1375 852 1460 διάγραμμα,
879 1371 1000 1440 scilicet
1243 1465 1245 1470 Ι

211 1495 311 1563 schol.
343 1500 379 1565 A
404 1496 444 1564 ad
467 1502 501 1560 A
522 1494 596 1565 166.
644 1508 664 1584 ἡ
688 1500 787 1584 διπλῆ
812 1504 890 1585 πρὸς
914 1505 950 1568 τὸ
974 1505 1046 1586 περὶ
1071 1507 1126 1568 τοῦ
1151 1527 1231 1570 ναν·

165 1630 314 1709 οτάθμου
350 1624 548 1720 διάγραμμα·
590 1629 627 1692 τὸ
663 1629 725 1708 γὰρ
760 1625 858 1692 Ἴλου
894 1634 977 1712 σῆμα
1012 1632 1095 1694 κατὰ
1130 1629 1228 1711 μέσον

166 1745 252 1816 εἶναι’
275 1775 373 1834 φησιν
399 1751 433 1816 έν
458 1759 503 1837 τῷ
530 1751 633 1837 πεδίῳ
668 1758 702 1815 et

147 1965 151 1969 .
212 1871 312 1939 schol.
344 1877 380 1940 A
405 1870 446 1938 ad
469 1878 503 1935 Λ
527 1870 601 1938 807.
649 1878 726 1961 πρὸς
757 1879 794 1942 τὸ
827 1882 883 1942 τοῦ
911 1875 1133 1961 στρατοπέδου
1151 1876 1231 1968 ,διά-

165 2025 297 2085 γραμμα
336 2001 387 2069 ὅτι
429 1999 626 2066 ὑποτίθεται
665 2005 749 2067 κατὰ
787 1998 886 2083 μέσον
922 2008 978 2068 τοῦ
1014 2008 1230 2085 ναυστάθμου
1337 2037 1344 2045 -

165 2125 358 2207 θεατροειδῆ
385 2130 488 2192 τόπον
513 2130 557 2202 εἷς
581 2125 680 2212 ὄχλου
705 2133 910 2208 συναγωγήν.
1170 2207 1173 2214 .

209 2245 294 2313 tttud
325 2249 513 2334 διάγραμμα
543 2267 582 2315 eo
611 2246 702 2315 ducit
726 2246 895 2314 Lehrsium
918 2267 950 2336 p.
976 2241 1051 2326 stt,
1076 2255 1114 2313 ut
1136 2254 1231 2334 putet

166 2371 387 2439 dissertationi
422 2371 564 2440 additam
589 2371 690 2439 fuisse
714 2371 874 2453 tabulam,
898 2381 996 2461 atque
1019 2370 1097 2438 item
1121 2381 1232 2438 censet

165 2496 215 2564 vir
249 2495 448 2564 clarissimus
483 2495 629 2564 Naberus
661 2519 693 2585 p.
718 2495 761 2563 οἱ)
784 2495 816 2562 in
841 2515 940 2585 opere
963 2494 1016 2562 cui
1040 2493 1157 2562 titulus
1181 2503 1232 2562 est

165 2617 376 2697 Quaestiones
411 2618 615 2704 Homericae,
652 2641 734 2710 quas
765 2639 849 2687 anno
880 2616 966 2686 1877
998 2616 1231 2686 Amstelodami

166 2742 267 2810 edidit
288 2742 458 2811 Academia
484 2742 581 2831 Regia
606 2742 848 2832 disciplinarum
873 2741 1113 2810 Nederlandica.

211 2865 274 2934 Sed
309 2849 416 2934 adhuc
449 2866 528 2934 mihi
563 2867 696 2957 quidem
720 2867 817 2936 dubia
840 2869 896 2936 lux
919 2879 969 2937 est
992 2889 1029 2936 ac
1053 2871 1230 2957 πλανῶμαι

168 2997 251 3060 κατὰ
276 2999 336 3076 τὴν
361 2999 506 3080 γνώμην.
553 2992 637 3072 Quid
660 2992 805 3061 mirum?

273 3119 336 3182 αἰεὶ
361 3117 390 3184 d'
413 3118 598 3205 ὁπλοτέρων
622 3121 753 3203 ἀνδρῶν
776 3121 889 3205 φρένες
912 3122 1120 3206 ἠερέθονται.

212 3237 419 3329 Quapropter
440 3240 500 3308 hac
523 3241 556 3308 in
578 3262 614 3309 re
633 3241 738 3310 scribe
756 3262 809 3310 me
832 3242 939 3331 gregis
961 3252 1027 3315 τῶν
1041 3251 1231 3331 ἐφεκτικῶν.

155 3381 158 3388 ·
213 3360 296 3440 outa
320 3373 429 3432 autem
453 3386 471 3433 e
495 3341 610 3434 αιαα
635 3367 765 3435 senous
789 3367 883 3436 nonis
909 3369 949 3437 aa
971 3370 1148 3439 tristarer
1168 3361 1233 3439 αε-

169 3486 339 3573 putatione
363 3490 572 3558 statuendum
597 3489 749 3559 ridetur?

214 3609 245 3678 1.
292 3611 427 3702 Scripsit
461 3613 667 3683 Aristarchus
703 3614 964 3686 dissertationem
997 3618 1037 3686 de
1067 3618 1233 3687 navalibus

169 3734 367 3804 Graecorum
392 3738 434 3806 ad
458 3737 587 3807 Troiam
610 3749 644 3827 et
667 3739 799 3828 quidem
822 3762 914 3810 more
926 3742 1231 3823 Alexandrinorum,

168 3859 189 3928 i.
215 3882 242 3929 e.
267 3860 400 3930 Horneri
423 3863 531 3970 habita
557 3864 691 3933 ratione.

213 3983 244 4052 2,
292 3995 343 4057 Τὰ
378 3995 450 4078 περὶ
487 4000 543 4059 τοῦ
581 4000 796 4077 ναυστάθμου
831 4000 908 4080 post
943 3999 983 4060 τὰ
1015 3997 1232 4074 ὑπομνήματα

169 4109 303 4178 demum
328 4112 449 4202 scripta
474 4113 575 4182 fuisse
597 4113 665 4183 veri
688 4124 738 4182 est
762 4112 875 4182 simile.
