3196 5292
895 695 939 766 32

388 913 486 981 luerit
516 910 645 980 navium
681 908 852 1000 dispositio
881 930 979 1001 quam
1003 909 1036 980 in
1059 911 1331 981 commentatione
1363 912 1464 1002 cogi-

391 1036 505 1106 taverit
528 1034 745 1104 Aristarchus.

432 1163 551 1232 Procul
580 1161 680 1231 dubio
712 1158 859 1230 ordinem
891 1158 952 1228 sihi
983 1158 1074 1229 finxit
1099 1161 1397 1242 semicircularem,
1427 1171 1466 1228 ut

392 1287 531 1357 allicitur
555 1308 572 1357 e
596 1286 697 1356 schol.
723 1289 758 1350 A
806 1286 845 1355 ad
869 1285 900 1356 Ξ
922 1285 982 1366 35,
1007 1287 1062 1355 ubi
1084 1308 1181 1358 naves
1205 1289 1250 1358 ita
1273 1290 1466 1358 collocatae

389 1411 489 1480 luisse
512 1411 665 1480 dicuntur
687 1415 766 1481 ὥστε
792 1416 996 1503 δεατροειδίς
1020 1420 1199 1501 φαίνεσθαι
1224 1423 1260 1487 τὸ
1276 1420 1462 1489 νεάνλκιον.

390 1535 534 1605 Alterum
559 1546 725 1627 praeterea
750 1537 909 1607 scholium
933 1539 973 1609 ad
997 1562 1058 1610 nos
1084 1543 1244 1633 pervenit,
1266 1545 1323 1614 nbi
1335 1545 1462 1615 navale

389 1672 597 1754 comparatur
620 1683 695 1730 cum
719 1661 863 1744 theatro,
889 1664 955 1734 soil.
980 1665 1019 1735 ad
1045 1675 1078 1732 A
1101 1667 1183 1751 807,
1209 1669 1266 1739 ubi
1289 1671 1402 1740 verbis

799 1795 883 1860 κατά
907 1803 987 1879 νῆας
1011 1795 1183 1883 Ὀδυσσῆος
1208 1799 1314 1867 θείοιο

477 1918 524 2000 ἷξε
543 1919 631 1989 δέων
644 1920 851 2007 Πάτροκλος,
873 1925 931 1989 ίνα
943 1921 996 2006 σφ’
1008 1925 1108 2010 α’χυρῆ
1122 1951 1156 1992 τε
1169 1923 1267 2010 θέμις
1279 1953 1313 1992 τε

476 2054 548 2134 ἤην,
585 2054 625 2132 τῇ
657 2047 695 2131 δῆ
721 2049 777 2114 καί
801 2072 856 2132 σφι
880 2051 970 2116 θεῶν
996 2052 1188 2139 ε’πετειίχατο
1212 2051 1315 2140 βωμοί

388 2167 421 2236 in
438 2161 567 2239 ¹Veneto
591 2172 630 2238 A
653 2169 853 2260 adscriptum
877 2181 944 2240 est:

389 2301 466 2383 πρὸς
501 2304 536 2368 τὸ
573 2307 628 2368 τοῦ
664 2298 885 2387 στρατοπέδου
926 2302 1132 2388 διάγραμμα,
1166 2305 1217 2370 ὃτι
1251 2306 1453 2371 ὑποτίθεται

389 2427 473 2491 κατά
495 2425 592 2510 μέσου
616 2428 671 2493 τοῦ
694 2430 911 2510 ναυστάθμου
938 2424 1129 2514 θεατροειδῆ
1152 2433 1253 2496 τόπον
1279 2435 1325 2507 είς
1346 2428 1451 2518 ὄχλου

388 2560 590 2637 συναγωγήν.
874 2539 877 2546 Δ
1477 2633 1479 2638 ,

435 2671 686 2742 Semicircularis
721 2671 821 2762 igitur
851 2675 1030 2745 secundum
1062 2675 1282 2747 Aristarchum
1314 2675 1449 2747 natium

388 2809 457 2868 erat
488 2799 579 2868 ordo.
603 2798 690 2867 Inter
712 2799 925 2884 recentiores,
951 2822 1091 2892 qnorum
1118 2803 1292 2877 sententias
1317 2804 1448 2874 silentio

387 2923 640 3015 praeteriissem,
662 2923 723 2993 nisi
742 2925 853 3016 paneis
872 2927 978 2996 verbis
996 2949 1090 3018 agere
1103 2929 1277 2999 voluissem
1290 2931 1329 2999 de
1340 2913 1447 3000 schol.

389 3055 423 3114 B
446 3050 487 3119 ad
509 3049 540 3119 Ξ
562 3047 622 3130 ol,
650 3060 726 3119 sunt
750 3053 806 3141 qui
830 3073 906 3121 cum
918 3052 1104 3122 Aristarcho
1118 3054 1251 3136 saciant,
1265 3055 1318 3124 alii
1330 3067 1446 3125 contra

387 3195 463 3243 eum
486 3175 631 3244 refellere
655 3185 823 3245 conantur.

432 3303 468 3370 ln
506 3283 569 3372 illis
605 3301 734 3392 quidem
771 3303 987 3372 recensendus
1023 3315 1072 3373 est
1096 3303 1219 3395 Hesper
1242 3305 1298 3394 qui
1321 3305 1354 3373 in
1378 3306 1446 3376 dis-

387 3427 560 3519 quisitione
584 3447 681 3516 quam
706 3426 872 3517 inscripsit
893 3427 1039 3518 Beitrige
1064 3451 1123 3497 zur
1147 3430 1371 3520 Topographie
1384 3433 1445 3502 der

272 3599 275 3610 -
385 3551 611 3623 homerisohen
634 3551 705 3620 llias
729 3573 761 3642 p.
785 3549 831 3619 ol
853 3552 926 3622 coll.
942 3552 1006 3621 Λ6
1021 3573 1108 3643 sqq„
1123 3553 1443 3626 ubihaecdellride:

473 3690 529 3765 στῆ
554 3680 582 3747 δ’
606 3679 656 3748 ἐπ’
680 3677 855 3766 Ὀδυσσῆος
877 3691 1055 3767 μεγακήτεϊ
1078 3683 1131 3770 νηί
1154 3683 1291 3773 μελαίνῃ

474 3817 494 3894 ἡ
517 3806 544 3893 ῥ’
568 3812 602 3875 εὐ
625 3815 770 3894 μεσσάτῳ
793 3811 885 3886 ἐόκε,
911 3808 1093 3893 γεγωνέμεν
1117 3809 1336 3894 ἀμφοτέρωσε,

472 3936 551 4018 ῆαέν
577 3931 626 4000 ἐπ’
653 3935 805 4010 Αίαντος
830 3934 955 4009 κλισίας
980 3931 1235 4018 Τελαμωνιάδαο

472 4059 524 4144 ἠδ’
549 4055 599 4126 ἐπ’
626 4058 821 4146 Ἀχιλλῆος,
847 4063 897 4126 τοί
922 4059 950 4144 ῥ’
971 4061 1091 4148 ἔσχατα
1116 4067 1196 4144 νῆας
1219 4063 1309 4136 ε’ίσας

427 4179 430 4186 ’
473 4187 617 4272 ε’ίρυσαν,
641 4186 757 4273 ἠνορέῃ
781 4189 914 4256 πίσυνοι
938 4191 992 4252 καί
1017 4194 1130 4270 κάρτεΐ
1146 4192 1276 4275 χειρῶν,
