3196 5292
672 703 715 773 35

157 942 259 1012 quarn
295 941 360 989 non
395 921 519 988 solvere
553 929 697 1009 poterat,
734 918 796 987 nisi
819 925 948 1010 πύργων
976 919 1137 1010 acciperet
1160 941 1221 1012 pro

158 1053 219 1126 ἐπὶ
240 1053 314 1128 τούς
336 1057 489 1137 πύργους.

206 1175 248 1242 m
282 1173 413 1264 quinam
448 1183 541 1241 erant
574 1170 653 1252 loci,
689 1171 776 1240 unde
810 1146 941 1240 Homeri
966 1171 1091 1240 ratione
1115 1171 1223 1240 habita

159 1297 293 1367 criticus
317 1298 550 1366 Alexandrinus
576 1306 766 1386 argumenta
792 1297 910 1366 ducere
930 1295 1222 1387 potueritadhanc

158 1421 407 1512 explicationem
441 1422 667 1513 probandam?
704 1421 770 1491 llos
802 1443 933 1514 quoque
959 1423 1056 1492 tradit
1081 1424 1224 1515 Porphy-

159 1547 246 1629 rius,
273 1553 301 1612 Δ
324 1545 390 1615 333
413 1569 449 1617 ac
474 1553 514 1614 N
535 1545 599 1615 502
624 1547 708 1615 dico.
743 1546 826 1626 Quid
849 1547 952 1636 igitur
975 1549 1015 1617 ad
1033 1549 1220 1618 hostersus
1285 1516 1297 1538 '

158 1671 224 1740 iam
248 1693 347 1763 supra
371 1672 518 1740 laudatos
543 1693 603 1741 nos
629 1672 746 1741 docent
772 1671 918 1741 scholia‘l

204 1795 240 1863 lu
252 1797 374 1864 Veneto
393 1801 431 1866 A
451 1797 491 1864 ad
513 1802 541 1861 A
561 1794 627 1864 333
647 1796 848 1887 adscriptum
871 1808 921 1868 est
941 1801 1100 1870 scholium
1122 1801 1223 1871 inter-

160 1923 335 2010 marginale
359 1923 457 1990 hoce:

208 2049 425 2141 Ἀρίσταρχος
457 2057 550 2140 χωρὶς
574 2061 629 2120 τοῦ
652 2039 686 2118 θ’
703 2057 846 2139 „Tuom
871 2051 1100 2138 ἱπποδάμων”.
1122 2059 1157 2122 τό
1182 2057 1216 2122 δὲ

158 2176 312 2266 Ἀχαιῶν
334 2185 471 2263 ἄμεινον
495 2181 626 2246 uxortua
652 2180 702 2246 ἐπ’
728 2175 912 2267 Ἀχαιοείς,·

163 2311 261 2391 atque
295 2300 330 2369 in
360 2301 474 2371 eodem
500 2301 610 2370 codice
634 2301 697 2371 hoc
721 2303 879 2372 scholium
904 2303 1079 2394 marginale
1102 2305 1221 2395 legitur

161 2426 201 2495 ad
225 2447 271 2494 vs.
296 2423 378 2494 335:

204 2554 347 2641 ἡδιπλῆ
381 2559 460 2641 πρὸς
495 2560 531 2623 τὸ
566 2565 691 2645 σχῆμα,
728 2554 811 2624 διότι
845 2558 991 2627 ἐλλείπει
1026 2568 1047 2646 ἡ
1083 2562 1137 2628 ε’πί
1163 2565 1218 2627 καὶ

161 2682 281 2758 πτῶσις
305 2681 516 2768 inuitentur·
538 2679 640 2770 (quod
654 2679 822 2750 simillimis
839 2682 944 2752 verbis
957 2683 1053 2753 etiam
1068 2684 1168 2753 schol.
1182 2688 1218 2750 A

162 2803 288 2873 exhibet
317 2805 357 2874 ad
388 2810 429 2872 N
449 2804 527 2896 502)
561 2809 627 2877 ἓότι
659 2815 720 2894 γὰρ
757 2811 832 2879 duct
868 2817 923 2879 τοῦ
951 2817 994 2891 ὥς
1018 2817 1072 2880 ἐπὶ
1097 2818 1217 2901 ΤρῶαςΙΙ
1298 2791 1300 2800 ¹

161 2939 333 3024 ὁρμήσειεν.
380 2931 555 3001 Aristonici
586 2942 636 3002 est
675 2933 856 3015 annotatio,
892 2933 1002 3024 itaque
1025 2934 1218 3016 Aristarchi,

161 3071 198 3130 ut
220 3081 256 3129 ea
280 3057 462 3130 observatio
487 3079 569 3148 quae
592 3057 626 3126 in
649 3059 762 3127 eodem
788 3057 910 3149 scholio
939 3059 1172 3148 subsequitur:

206 3191 260 3256 aul
289 3191 340 3258 δτι
372 3186 444 3255 κατ’
475 3185 697 3275 Ἀρίσταρχον
727 3195 864 3273 ἄμεινον
897 3190 961 3275 ἔχει
994 3193 1029 3255 τὸ
1061 3184 1216 3276 Ἀχαιῶν

164 3313 223 3402 (sic
245 3312 329 3382 enim
352 3333 436 3403 quae
460 3311 536 3380 olim
559 3310 749 3400 legebantur
772 3314 834 3380 ὅτι·
848 3315 917 3397 δὲή
936 3318 1019 3380 κατὰ
1036 3309 1217 3401 Ἀρίοιαρ·
1271 3323 1273 3328 “

163 3468 217 3529 χον
252 3442 316 3530 ἔχει
353 3441 408 3507 καὶ
444 3444 479 3506 τὸ
516 3438 670 3528 Ἀχαιῶν
703 3445 840 3525 ἄμεινον
881 3437 1023 3505 correxit
1058 3437 1213 3528 Cobetus)

161 3571 289 3636 uuonan
333 3564 385 3634 ἐπ’
420 3566 602 3654 Ἀχαίους·
647 3569 794 3633 πιθανὸν
838 3568 899 3652 γὰρ
936 3565 1100 3650 ἐπιμένειν
1142 3569 1216 3643 τούς

161 3689 326 3780 Ἓλληνας
349 3690 408 3770 ’ἕως
428 3697 470 3760 ἂν
492 3699 796 3780 προεπιχειρήοιοσιν
817 3691 927 3769 αὐτοῖς
941 3697 972 3759 οἱ
983 3697 1145 3782 βάρβαροι
1159 3696 1215 3783 καὶ

162 3823 277 3904 τρόπον
300 3818 375 3886 τινὰ
399 3817 548 3902 δεύτερον
571 3822 651 3901 μετὰ
682 3819 860 3903 Πάνδαρον
885 3819 1215 3903 παρασπονδήοωοιν.

162 3940 209 4009 διὸ
234 3949 288 4010 καὶ
311 3952 431 4029 μήποτε
458 3949 594 4028 ἄμεινον
620 3945 655 4011 ἐν
681 3952 719 4030 τῇ
741 3944 926 4032 πολοοτίχῳ
950 3946 1082 4030 φέρεται

246 4071 385 4139 Γἕστασαν
408 4039 530 4138 ὁππότε
555 4070 611 4138 κέν
636 4098 684 4148 τις
709 4071 862 4140 ἐναντίον
886 4069 986 4146 ἄλλος
1012 4069 1162 4138 ἐπελθὼν
1216 4095 1217 4100 ’

177 4287 178 4290 ¹
246 4198 366 4286 Τρώων
390 4202 532 4283 ὁρμήσειε
557 4201 612 4263 καὶ
636 4200 765 4283 ἄρξειεν
790 4197 957 4282 πολέμοιο.
