3196 5292
670 684 713 754 tt

217 898 424 970 Machaonem
466 901 636 970 Alexandri
678 899 794 990 sagitta
831 901 1035 970 vulneratum
1074 923 1091 971 e
1129 925 1236 994 pugna

168 1034 319 1094 removet
343 1025 460 1094 Nestor
485 1047 647 1116 suumque
672 1026 704 1094 in
729 1024 906 1094 tentorium
930 1025 1072 1109 reducit;

217 1156 250 1220 οἱ
271 1149 303 1219 ’δ’
323 1157 376 1221 ὅτε
402 1154 440 1238 δὴ
466 1153 593 1241 κλισίην
617 1154 795 1242 Νηλιάδεω
817 1157 975 1238 ἀφίκοντο
994 1207 1001 1231 ,

219 1279 312 1346 αὐτοὶ
335 1283 395 1364 μὲν
414 1281 446 1368 ῥ
468 1277 639 1368 αἰτέβησαν
664 1282 716 1348 ἐπὶ
742 1286 849 1369 χθόνα
873 1280 1145 1369 πουλυβότειραν,
1234 1311 1237 1316 ’

216 1408 339 1482 ἵππους
364 1403 393 1472 δ’
417 1404 613 1490 Εὐρυμέδων
634 1411 791 1492 ,θεράπων
816 1405 871 1474 λελε
896 1413 965 1474 τοῖο
993 1405 1146 1491 γέροντος

219 1533 252 1610 ἐξ
275 1533 388 1616 ὀχέων.
414 1535 462 1598 rol
489 1527 520 1599 δ’
543 1532 620 1617 ἱδρῶ
644 1535 854 1620 ἀπεψύχοντο
881 1537 1044 1619 χιτώνων,

216 1663 331 1724 στάντε
355 1661 432 1724 ποτὶ
458 1663 577 1742 πνοιὴν
603 1663 691 1743 παρὰ
717 1656 787 1726 θῖν’
813 1659 906 1736 οἱλός·
933 1662 1035 1747 αὐτὰρ
1060 1664 1174 1730 ἔπειτα

218 1786 250 1860 ἐς
275 1783 401 1866 κλισίην
426 1783 580 1859 ἐλθόντες
607 1763 671 1851 εἰείΙ
688 1783 850 1870 κλισμοῖσι
875 1789 1030 1866 καθῖζον,
1137 1794 1141 1802 ’

58 1897 60 1901 ’
173 1904 338 1993 quojloco
358 1913 397 1970 Λ
421 1903 485 1974 62⁰2
509 1906 651 1974 Venetus
677 1909 712 1971 A
737 1907 882 1976 exhibet:

170 2035 223 2099 ὅτι
261 2037 360 2119 σαφὲς
392 2038 443 2102 ὅτι
480 2024 570 2104 οὗτοι
592 2038 683 2123 ’πρὸς
719 2044 759 2122 τῇ
789 2035 940 2123 -θαλάοση
968 2037 1236 2124 υενεωλιιηκασιν.

220 2155 371 2226 Lebrsius
395 2167 504 2227 autem
528 2179 559 2248 p.
584 2157 649 2226 2⁹25
673 2157 735 2247 legi
757 2160 825 2228 vult
847 2171 868 2249 η
889 2163 923 2230 δὲ
947 2164 1046 2249 διπλῆ
1061 2168 1237 2252 irenaceo

172 2267 262 2350 οὗτοι
287 2284 366 2362 κτλ,
400 2302 481 2371 qnae
502 2282 683 2352 emendatio
708 2285 786 2352 mihi
811 2286 942 2376 quidem
966 2309 1032 2357 non
1056 2291 1236 2360 neccssaria

176 2405 314 2475 ridetur.
351 2406 444 2476 Hand
468 2407 667 2477 animaliter
692 2409 792 2478 schol.
817 2413 853 2476 A
878 2412 919 2481 ad
943 2420 981 2479 X
1002 2413 1062 2483 l5l
1092 2415 1235 2485 orditur:

172 2537 223 2602 ὅτι
259 2539 294 2602 εἰι
326 2541 381 2619 τῆς
412 2533 661 2621 οἶντιδιαστολῆς
696 2541 812 2624 σαφὲς,
846 2539 897 2606 ὅτι
934 2542 1004 2608 κτλ.
1052 2539 1238 2632 Utcumque

174 2670 240 2742 est,
272 2660 351 2730 illud
377 2665 644 2750 νενεωλκηιιασιν,
671 2682 737 2751 quo
763 2658 1181 2753 saepissimc'rlristarchus
1204 2666 1237 2735 in

174 2788 445 2858 commentatione
468 2787 721 2878 chorographiea
741 2809 821 2856 usus
836 2797 902 2868 est,
921 2809 959 2858 eo
974 2789 1064 2858 ducit
1077 2799 1113 2858 ut
1126 2800 1236 2860 notam

173 2912 261 2981 illam
294 2934 312 2981 e
348 2913 567 3004 disputatione
600 2898 696 2981 'cuius
731 2912 884 3002 reliquias
918 2913 1068 3002 colligere
1101 2914 1234 2996 studeo,

173 3037 323 3108 haustam
346 3037 447 3107 luisse
470 3048 594 3128 putem.

217 3162 253 3230 ln
275 3161 349 3230 libri
372 3162 480 3252 quarti
504 3161 620 3232 decimi
643 3163 776 3232 exordio
803 3163 921 3233 Nestor
945 3185 1042 3254 quern
1067 3186 1133 3234 non
1150 3165 1237 3255 lugit

175 3289 305 3371 clamor,
335 3285 615 3384 relicto-tentorio
640 3309 770 3358 murum
795 3287 992 3358 Graecorum
1018 3289 1163 3358 dirutum
1188 3289 1236 3358 in·

174 3412 278 3502 spexit
312 3423 410 3504 atque
444 3412 516 3482 iniit
550 3413 740 3494 consilium,
769 3424 815 3483 ‘ut
839 3414 878 3482 ad
902 3416 1183 3513 Agamemnonem·
1202 3436 1238 3512 se

175 3539 346 3609 conterret.
392 3539 441 3610 llli
465 3550 575 3608 autern
600 3538 726 3608 obviarn
751 3551 838 3607 eunt¹

823 3669 1002 3753 διοτρεφέες
1027 3668 1179 3756 βασιλῆες

295 3799 360 3878 ,πὰρ
407 3798 495 3881 νηῶν
542 3793 709 3871 α’νιόντες,
731 3797 813 3887 Ὶὸσοι
847 3794 1008 3883 βεβλήατο
1046 3794 1155 3882 χαλκῷ
1172 3846 1185 3872 ,s
1232 3800 1236 3808 ’

276 3989 279 3994 ,
299 3921 459 4008 Τυδείδης
473 3917 623 3998 Ὀδυσεύς
638 3947 670 3988 τε
685 3923 739 3990 καὶ
753 3919 929 4008 Ἀτρείδης
944 3921 1179 4008 Ἀγαμέμνων.
1232 3947 1237 3957 “

175 4042 221 4111 Ad
245 4042 331 4118 hunc
355 4043 463 4113 locum
488 4044 519 4114 Ξ
542 4042 584 4112 98
608 4043 751 4112 Venetus
775 4054 820 4113 Β·
838 4042 930 4112 affert
955 4043 1134 4112 scholium:
1177 4049 1191 4112 f

175 4173 238 4260 πὰρ
256 4171 366 4261 νηῶν)
393 4177 457 4242 α’σό
480 4182 547 4244 τῶν
571 4176 649 4261 πρὸς
673 4172 845 4243 θάλασσαν
870 4176 922 4242 ἐπὶ
940 4177 997 4249 τοὶς
1012 4175 1049 4241 ἐν
1063 4175 1107 4256 τῷ
1122 4173 1236 4259 τείχει,

1081 4275 1102 4342 [ι
