3196 5292
670 679 712 748 29

204 893 320 964 Fusius
364 894 403 963 de
445 894 558 962 eodem
605 895 807 965 substantivo
849 895 955 984 agitur
997 896 1030 972 in
1066 895 1218 988 Stephani

158 1019 341 1101 Thesauro,
378 1019 434 1088 uhi
467 1018 552 1088 inter
586 1018 645 1090 alia
681 1032 712 1088 et
747 1021 826 1089 haec
859 1018 1011 1110 legimus:
1039 1019 1120 1089 «Sed
1143 1041 1218 1088 cum

156 1144 316 1236 Hesychio
339 1145 450 1235 potius
464 1151 607 1236 κροσσῶν
631 1145 760 1214 nomine
780 1144 1001 1234 intelligendas
1021 1164 1092 1213 esse
1103 1143 1218 1234 pinnas

155 1290 330 1339 murorum
359 1280 416 1340 aut
446 1271 603 1352 turrium,
628 1280 718 1362 patet
739 1271 789 1339 vel
813 1291 852 1340 er
877 1278 921 1337 M
940 1269 1015 1338 258.
1063 1269 1108 1338 lbi
1132 1270 1217 1340 enim
1315 1327 1343 1374 3

156 1397 236 1465 satis
260 1407 409 1486 apertum
434 1407 483 1466 est
501 1395 635 1486 intelligi
647 1396 760 1488 pinnas
773 1406 805 1465 et
817 1396 1062 1488 propugnacula
1075 1396 1215 1465 turrium

154 1545 175 1592 a
200 1521 345 1592 Troianis
369 1544 439 1592 esse
464 1522 634 1608 convulsa;
660 1522 806 1612 quamvis
825 1522 878 1592 ille
891 1521 1110 1610 (scholiastam
1123 1521 1214 1613 dicit)

153 1646 276 1718 iterum
307 1658 446 1738 exponat
478 1650 645 1737 ullpuuap
669 1652 722 1720 ἐπὶ
753 1655 827 1729 τούς
857 1628 999 1740 πύργους
1029 1649 1153 1730 εἷλκον,
1180 1657 1218 1718 ut

155 1793 272 1841 sensus
306 1772 348 1842 sit
384 1773 575 1842 ltiahehant
611 1774 712 1843 scalas
748 1785 779 1843 el
815 1795 910 1844 muro
942 1774 1155 1843 admovebant
1180 1784 1217 1842 ut

155 1908 265 1967 turres
289 1898 513 1980 scanderent»,
540 1899 595 1969 sed
620 1921 736 1990 parum
759 1910 856 1968 recte.
903 1899 1047 1969 insolens
1070 1899 1218 1968 enimest

156 2023 264 2094 dicere
300 2032 429 2116 πύρνων
464 2028 559 2116 ἕρνον
583 2045 644 2116 pro
669 2032 722 2097 ἐπὶ
746 2035 887 2113 πύργους
912 2029 1016 2116 ξ’ροον.
1063 2024 1175 2115 ltaque
1194 2024 1243 2093 ii

155 2149 267 2240 potius
300 2150 458 2240 sequendi
488 2160 566 2220 sunt
596 2151 652 2242 qui
683 2151 727 2220 ihi
751 2152 914 2244 accipiunt
937 2159 995 2232 τὰς
1020 2156 1149 2244 ἐξοχάς,
1172 2159 1214 2223 τὰ

155 2279 329 2368 ἐξέχοντα,
360 2276 425 2346 sive
466 2281 507 2348 τὰ
530 2282 854 2372 οἰποκρηπιδὼματα;
890 2280 1079 2370 metaphora
1104 2300 1123 2347 a
1144 2298 1215 2352 ves·

153 2399 261 2484 tibus,
287 2423 425 2492 quarum
448 2410 489 2510 τοὶ
510 2413 598 2492 ἄκρα
621 2406 830 2476 nominantur
853 2412 1010 2500 κροσσσί.)

200 2527 332 2598 Constat
356 2528 455 2619 igitur
479 2539 616 2623 κρόσσας
639 2552 705 2602 non
729 2532 829 2602 luisse
853 2534 968 2615 scalas,
983 2534 1039 2603 sed
1053 2534 1214 2624 quandam

155 2654 300 2724 turrium
323 2666 380 2724 aut
403 2678 575 2727 murorum
599 2670 735 2750 partem.
759 2660 922 2741 Quaenam
945 2671 1054 2730 autem
1077 2645 1214 2742 luerint,

154 2779 382 2850 difficillimum
416 2791 466 2850 est
500 2785 721 2874 pronuntiare.
781 2785 907 2855 Etenim
944 2795 1025 2876 quot
1064 2794 1214 2854 auctores

154 2903 328 2986 evolveris
354 2914 404 2974 tot
429 2907 607 2978 sententiae
630 2909 689 2978 tibi
713 2922 895 2982 occurrent.

198 3028 379 3119 Stephanus
411 3031 430 3102 i.
457 3055 486 3100 v.
511 3033 647 3124 intelligi
671 3038 740 3105 vult
766 3037 973 3108 «eminentias
1002 3041 1159 3130 quasdam
1182 3053 1215 3111 et

152 3151 270 3244 pinnas
302 3155 445 3225 turrium
478 3167 568 3227 certo
600 3159 774 3230 interstitio
806 3153 908 3232 ineis
933 3164 1056 3254 positas
1081 3176 1119 3234 ut
1142 3188 1215 3256 gra-

156 3279 259 3352 duum
284 3281 421 3350 formam
445 3265 756 3374 repraesentantes.»

198 3402 282 3494 Pape
316 3404 351 3473 in
382 3406 497 3477 Lexico
532 3409 653 3481 Graeco
684 3413 772 3483 hisce
803 3415 908 3486 verbis
941 3425 1076 3507 κρόσσας
1107 3421 1215 3512 expla-

154 3538 228 3597 nat:
254 3529 325 3622 ldie
353 3531 633 3624 hervorragenden
653 3537 771 3609 Zinnen
804 3541 883 3610 oder
909 3543 1136 3614 Brustwehren
1160 3549 1218 3617 aul

156 3656 217 3725 den
245 3656 391 3748 Manem,
423 3660 531 3730 hinter
555 3664 658 3734 denen
682 3665 732 3734 die
755 3667 888 3757 Krieger
911 3667 1062 3752 standan,
1094 3671 1214 3742 welche

157 3781 207 3850 die
230 3782 361 3852 Manem
384 3787 633 3878 vertheidigen.o

198 3907 330 3980 Faesius
354 3908 386 3978 in
411 3933 470 3980 sua
489 3912 621 3983 Homeri
640 3915 745 3986 Iliadis
766 3917 908 3988 editione
923 3930 1031 3990 censet
1046 3941 1099 3990 eas
1113 3921 1213 3991 luisse

69 4104 73 4111 ,
162 4048 235 4104 ram
256 4035 594 4110 wahrscheinlichsten
607 4041 733 4124 Stulen‚
748 4043 901 4127 Absetze,
916 4044 967 4114 die
979 4067 1037 4113 aus
1051 4046 1214 4137 vorsprin-

161 4163 286 4254 geoden
308 4145 520 4256 Kragsteinen
544 4188 584 4235 an
598 4168 658 4236 den
671 4167 800 4240 Manem
822 4169 1211 4261 hiuaulgeliihrtwaren.o
