3162 5294
664 692 729 762 105

167 903 222 992 (ef.
255 903 406 974 schol.A
439 904 480 973 ad
504 904 575 993 ln).
622 905 734 995 Neque
770 907 971 976 eontrarium
1008 908 1228 980 testimonium

163 1029 320 1118 praebere
343 1038 485 1118 possunt
508 1028 616 1097 :1488
643 1051 733 1119 sqq.:

210 1165 299 1224 τοῖον
321 1156 373 1240 ἄρ’
397 1155 609 1244 Ἀνθεμίδην
631 1161 820 1242 Σιμοείσιον
848 1161 1034 1243 ἐξενάριξεν

210 1283 302 1358 Αἰἀς
326 1282 484 1366 διογενής.
511 1287 566 1348 τοῦ
593 1281 620 1347 δ’
643 1281 813 1366 ’Ἄντιφος
840 1283 1048 1369 αἰολοθώρηξ

211 1406 397 1491 Πριαμίδης
421 1405 500 1472 καθ’
523 1404 637 1489 ὅμιλον
662 1405 835 1474 οίκόντισεν
858 1407 925 1484 ὀξέι
949 1407 1050 1492 δουρί.

211 1537 265 1596 τοῦ
277 1533 338 1614 μὲν
350 1529 484 1615 ἅμαρθ’,
500 1535 518 1596 ὁ
530 1531 564 1596 δὲ
579 1537 718 1609 Λεῦκον,
733 1528 902 1606 Ὀδυσσέος
916 1527 1035 1598 ε’σθλδν
1049 1537 1193 1617 ἑταῖρον,

210 1652 375 1740 βεβλήκει.

122 1829 128 1838 .
211 1774 336 1843 Etenim
360 1787 527 1864 συγχεῒται
551 1779 592 1844 τοί
619 1786 672 1862 τῆς
697 1780 814 1856 τάξεως
838 1777 979 1870 διὰχτῆν
1003 1785 1059 1845 τοῦ
1083 1780 1227 1865 πολέμου

166 1909 313 1988 ταραχήν
357 1898 525 1988 (schul.A
559 1898 600 1968 ud
635 1898 771 1988 Δίθί).
814 1898 937 1989 Nempe
969 1905 1134 1974 ἀδυνατὸν
1165 1911 1231 1974 ἐστι

165 2028 219 2094 ε’πί
244 2030 301 2094 τδν
325 2029 466 2098 Αίαντα
489 2031 525 2097 τδ
549 2025 645 2116 βέλος
661 2031 813 2112 πεμφθὲν
832 2033 876 2105 είς
893 2023 1088 2113 ’.Ιθακήσιον
1105 2032 1219 2102 ἐλθεῖν

166 2155 199 2218 οί
220 2157 281 2242 γὰρ
312 2149 497 2237 Ἰθακήσιοι
529 2159 637 2240 πόρρω
667 2152 861 2237 τεταγμένοι
892 2159 970 2232 εἶσι,
1004 2159 1059 2220 καί
1084 2157 1121 2223 οδ
1146 2161 1230 2224 κατὰ

166 2280 241 2355 τοδε
264 2277 493 2364 Σαλαμινίους
516 2283 572 2344 καί
596 2284 743 2365 Λοκροιίς
768 2275 923 2364 (schol.B
946 2276 986 2344 ad
1005 2282 1033 2341 A
1050 2275 1126 2346 491.
1168 2279 1233 2347 Αδ-

166 2398 237 2470 (Ῐὶλο
260 2401 413 2470 fortasse:
436 2400 537 2490 igitur
560 2407 603 2478 05,-
627 2407 797 2487 ποιητικὸν
822 2400 1076 2490 παραιτητέον).

214 2523 314 2594 Porro
338 2521 476 2610 1:807:

599 2655 683 2720 κατὰ
707 2659 787 2734 νῆας
810 2648 987 2734 Ὀδυσσῆος
1011 2655 1117 2718 θείοιο

258 2778 306 2858 ίζε
331 2774 418 2845 θέων
442 2774 654 2862 Πάτροκλος,
668 2779 726 2844 ίνα
739 2771 791 2860 σφ’
808 2776 908 2861 οἷμορή
922 2803 955 2843 τε
970 2773 1065 2862 θέμις
1083 2803 1116 2847 τε

256 2909 335 2989 ήην,
360 2912 399 2987 τῆ
424 2899 461 2985 δή
486 2905 542 2966 καί
575 2924 629 2984 σφι
654 2903 742 2969 θεῶν
778 2906 966 2990 ε’τιτειίχατο
1001 2906 1114 2991 βωμοί.

214 3023 326 3114 Itaque
357 3029 555 3094 ὑποτίθεται
597 3023 681 3112 (scil.
718 3022 895 3112 Homerus)
929 3032 1013 3094 κατὰ
1043 3028 1141 3113 μέσον
1176 3037 1232 3097 τοῦ

169 3160 385 3242 ναυστάθμου
432 3151 626 3239 θεατροειδῆ
672 3155 773 3219 τόπον
813 3156 857 3227 εἷς
895 3137 994 3238 ὄχλον
1037 3158 1233 3234 συναγωγήν

172 3273 290 3365 (schol.
314 3273 403 3341 And
426 3271 567 3363 Λ807).

215 3399 438 3488 Agamemnon
449 3395 534 3464 K53
546 3395 725 3464 Menelaum
738 3407 818 3476 orat,
834 3406 871 3464 ιιι
881 3395 944 3465 cito
955 3397 1233 3466 cumetednnves:

259 3523 331 3592 ἀλλ’
354 3526 407 3591 ’ίθι
432 3530 511 3601 νῦν,
534 3525 673 3593 Αἰἀντα
697 3528 750 3591 καί
777 3521 950 3610 Ἰδομενῆα
974 3524 1140 3592 κάλεσσον.

216 3645 296 3726 Ouia
316 3646 370 3714 hie
393 3656 533 3736 uterque
557 3667 622 3714 uno
641 3657 753 3716 tenore
765 3658 1081 3728 commemorantur,
1096 3650 1234 3737 πλησίον

170 3783 228 3844 τοῦ
242 3776 393 3852 Α’ίαντος
415 3779 434 3843 u‘
449 3773 631 3860 Ἰδομενεύς
645 3776 873 3858 ε’νενεονλκήκει
889 3772 1006 3862 (schol.
1020 3773 1046 3839 A
1060 3773 1100 3842 ad
1115 3781 1148 3838 K
1158 3771 1215 3864 53)
1228 3827 1235 3854 ,

171 3919 257 3990 quae
282 3898 379 3969 statio
405 3919 443 3968 ex
468 3906 502 3964 K
523 3897 589 3966 mn
614 3917 748 3988 quoque
772 3896 928 3978 efficitur,
954 3895 1011 3965 ubi
1034 3896 1133 3965 haee:

285 4025 361 4096 ἀλλ’
377 4029 407 4098 εί
423 4057 472 4106 τις
489 4029 544 4096 καί
569 4029 680 4096 τσιίσδε
703 4027 933 4114 μιτοίχομενος
957 4023 1145 4099 καλέσειεν,

286 4156 442 4223 α’ντίθεὸν
467 4153 496 4218 τ’
511 4156 650 4223 Αἰἀντα
674 4156 729 4219 καί
753 4150 930 4236 Ἰδομενῆα
952 4153 1094 4218 ἄνακτα·
