3196 5292
889 657 954 728 ih'

424 881 461 946 Α
486 874 526 942 ad
549 882 579 944 Ω
602 872 677 942 ilai.
724 880 759 944 ἐν
785 884 873 964 νηῶν
896 875 1020 962 οἳγιλρει)
1044 881 1122 964 ὅπερ
1148 877 1195 945 δι’
1215 880 1326 949 ἄλλων
1355 880 1459 962 λέγει

381 1003 469 1088 νηῶν
494 1004 529 1068 ἓν
553 1001 675 1082 ἀγῶνι,
700 997 769 1064 scil.
794 1003 821 1061 Ο
843 996 919 1064 428.

425 1121 587 1190 Habemus
621 1121 690 1202 hic,
727 1120 906 1190 dummodo
938 1121 1086 1192 ultimam
1118 1125 1378 1195 observationem
1415 1137 1458 1194 et

380 1244 481 1314 schol.
516 1241 541 1312 B
575 1244 616 1313 ad
647 1252 686 1308 Π
713 1243 779 1312 500
810 1245 992 1336 exceperis,
1025 1258 1063 1316 ut
1094 1270 1131 1317 ex
1163 1270 1201 1318 eo
1231 1250 1321 1340 quod
1352 1249 1455 1318 had

379 1381 418 1439 Π
446 1367 510 1438 500
541 1368 633 1438 initio
658 1368 852 1438 exhibet-
875 1370 1033 1462 reliquam
1064 1373 1149 1441 enim
1178 1385 1305 1464 partem
1329 1374 1454 1442 critico

379 1492 592 1561 Alexandrino
617 1493 777 1562 vindicare
800 1515 867 1564 non
890 1495 995 1563 ausim
1018 1498 1329 1568 —annotationem
1353 1499 1452 1567 hris-

379 1617 494 1699 tonici,
519 1617 629 1706 itaque
652 1617 845 1701 Aristarchi,
870 1641 1011 1710 quacum
1036 1642 1153 1711 operae
1172 1597 1227 1692 'est
1249 1622 1451 1713 pretiumea

380 1761 576 1830 componere
606 1762 689 1831 quae
720 1742 874 1830 leguntur
897 1745 985 1833 apud
1008 1746 1098 1814 Eust.
1123 1745 1220 1814 tota.
1245 1745 1304 1814 55:
1328 1754 1380 1817 ὅτι
1404 1755 1449 1814 τὸ

379 1871 590 1953 ναύσταθμον
615 1873 703 1957 νηῶν
738 1876 857 1957 ἄγνριν
881 1871 986 1954 λέγει,
1012 1877 1029 1940 ὃ
1054 1877 1141 1942 ἐστιν
1165 1881 1330 1960 ἄθροισιν,
1355 1883 1376 1959 ἤ
1396 1879 1446 1950 ῶς

380 1999 496 2072 εἷπεῖν,
521 2002 721 2082 πανήγυριν.
747 1997 823 2083 φησὶ
849 2001 910 2081 γάρ

512 2124 555 2196 ὣς
578 2123 612 2188 oi'
633 2119 663 2201 γ’
677 2126 711 2186 ἐν
736 2125 824 2207 νηῶν
848 2122 1083 2207 οἰγνρειμητηρ
1108 2148 1141 2191 τε
1165 2123 1220 2187 καὶ
1245 2125 1314 2196 οἶός

513 2247 620 2314 πολλὰ
643 2251 722 2330 πρὸς
744 2245 906 2328 ἀλλήλους
929 2247 1097 2332 οέγόρενον.

379 2367 500 2438 ταύτὸν
537 2370 570 2436 δὲ
607 2372 695 2456 νηῶν
729 2375 849 2454 ἅγνριν
886 2375 989 2438 εἰπεῖν
1023 2375 1078 2437 καὶ
1112 2370 1245 2450 α’γῶνοι,
1273 2375 1317 2448 ῶς
1345 2371 1441 2456 δηλοῖ

277 2522 279 2526 ·
380 2499 436 2560 καὶ
459 2499 495 2560 τὸ
518 2499 606 2580 νηῶν
631 2497 666 2561 ἒν
689 2493 794 2576 α’γῶνι
816 2499 956 2562 πεσόντα
981 2493 1037 2578 (Π
1059 2490 1148 2580 500).

423 2615 470 2681 Ex
499 2615 549 2682 his
579 2613 679 2702 igitur
710 2615 789 2683 locis
820 2615 883 2683 hoc
912 2627 1046 2706 apparet
1076 2616 1300 2685 Aristarchum
1323 2615 1439 2685 alicubi

379 2737 413 2806 in
436 2737 662 2806 dissertatione
686 2759 761 2819 sua,
786 2739 924 2809 fortasse
947 2741 980 2807 in
1003 2741 1075 2830 ipso
1099 2741 1168 2810 eius
1181 2741 1314 2821 exordio
1329 2741 1438 2809 ohser-

379 2883 488 2943 vasso,
522 2861 633 2931 navale
662 2861 860 2932 Graecorum
881 2864 920 2932 ab
944 2863 1085 2934 Homero
1111 2865 1233 2934 dictum
1257 2886 1329 2936 esse
1351 2873 1435 2954 νηῶν

378 2999 498 3080 ἄγνριν
523 2997 581 3056 aut
603 2992 735 3074 ἀγῶνα,
761 2988 848 3077 quod
874 2987 1031 3077 significet
1053 2997 1233 3080 ἄθροισμα.

424 3112 727 3182 Animadvertcrunt
752 3112 943 3181 scholiastae
966 3113 1097 3182 navium
1122 3115 1294 3182 stationem
1315 3133 1381 3181 non
1394 3112 1437 3180 sic

380 3258 510 3329 semper
535 3238 592 3306 sed
614 3237 684 3306 aliis
708 3235 804 3305 etiam
828 3237 933 3306 verhis
957 3237 997 3306 ab
1013 3237 1156 3306 Homero
1170 3235 1285 3306 notari.
1311 3235 1437 3304 Etenim

379 3363 420 3431 ad
444 3367 473 3426 Ω
496 3360 577 3442 413,
602 3361 658 3429 uhi
680 3361 815 3429 Hermes
840 3360 901 3428 sub
925 3361 1055 3430 hchillis
1079 3361 1192 3444 famuli
1214 3361 1318 3429 forma
1333 3379 1439 3427 moes·
1475 3399 1478 3404 ·

379 3497 449 3556 tum
472 3495 600 3577 patrem
622 3489 713 3553 anxie
735 3484 969 3574 inquirentem,
993 3505 1035 3554 an
1057 3485 1163 3554 adhuc
1187 3483 1328 3573 sitapud
1342 3503 1440 3550 naves

378 3609 464 3682 filius
488 3611 625 3682 dilectus

1066 3735 1101 3822 ἦέ
1134 3762 1189 3806 νιν
1214 3737 1275 3824 ἤδη

467 3852 518 3948 ᾖσι
542 3866 636 3930 κυσὶν
660 3861 799 3946 μελεϊστὶ
824 3861 936 3944 ταμὼν
960 3866 1147 3948 προύθηκεν
1175 3859 1368 3948 Ἀχιλλεύς,

379 3980 467 4048 hisce
491 3981 599 4049 verbis
624 3984 829 4086 consolatur:

468 4097 493 4169 ὦ
517 4106 623 4196 γέρον,
646 4111 682 4175 οὔ
706 4136 755 4176 πω
779 4113 834 4178 τόν
859 4135 894 4190 γε
920 4113 1012 4185 κύνες
1036 4116 1142 4194 φάγον
1167 4111 1236 4179 οὐδ’
1261 4111 1384 4186 cinerei,
