3196 5292
889 648 912 715 la

367 871 510 931 attamen
544 860 596 930 bic
630 861 727 930 etiam
761 861 973 951 archetypum
1007 861 1040 930 in
1074 860 1257 931 breviorem
1291 863 1432 934 sormam

366 988 521 1078 redegit.»

324 1171 328 1178 .
411 1112 536 1182 Scholia
560 1111 664 1180 Iliadis
690 1121 766 1180 sunt
789 1121 845 1180 aut
865 1110 1052 1200 marginalia
1068 1121 1124 1179 aut
1141 1111 1429 1202 intermarginalia,

367 1246 405 1304 ut
428 1257 463 1304 ea
488 1235 632 1304 distinxit
654 1235 840 1305 Dindorfius
865 1235 921 1325 qui
944 1235 1019 1304 ibid.
1044 1259 1078 1326 p.
1099 1235 1117 1304 7
1136 1237 1175 1305 de
1191 1237 1430 1327 posterioribus

367 1361 487 1430 iudicat
510 1362 599 1430 hisce
621 1361 728 1429 verbis
752 1382 851 1429 usus:
879 1360 1038 1429 allodium
1061 1360 1145 1428 inter
1169 1361 1290 1430 scholia
1311 1363 1430 1451 margi-

368 1487 451 1555 nalia
477 1497 509 1555 et
542 1497 666 1555 textum
694 1487 803 1554 locum
832 1496 942 1555 tenent
971 1485 1092 1554 scholia
1115 1485 1323 1569 brevissima,
1349 1508 1432 1577 quae

367 1609 639 1700 intermarginalia
664 1610 818 1690 dicimus,
842 1609 876 1680 id
899 1623 950 1679 est
973 1610 1093 1678 scholia
1119 1631 1201 1700 quae
1225 1610 1257 1678 in
1270 1621 1428 1700 angusto,

368 1735 457 1824 quod
491 1734 576 1802 iuter
605 1734 727 1802 scholia
761 1733 947 1822 marginalia
976 1747 1009 1803 et
1039 1745 1164 1803 textum
1195 1708 1345 1803 relictum
1379 1747 1429 1804 est

367 1860 473 1950 spatio
504 1859 658 1948 marginis
690 1858 853 1927 interioris
892 1868 969 1926 sunt
992 1857 1166 1948 adscripta.
1214 1858 1295 1927 Sunt
1319 1869 1429 1927 autem

366 1984 521 2074 pleraque
546 1983 653 2052 omnia
676 2003 712 2050 er
737 1982 921 2052 Aristonico
944 1994 978 2050 et
997 1983 1132 2073 Didymo
1147 1995 1312 2073 excerpta,
1327 2005 1429 2073 quum

367 2109 493 2178 auctori
523 2110 586 2178 hoc
609 2107 819 2199 potissimum
843 2106 1051 2198 propositum
1075 2115 1179 2186 osset,
1213 2118 1252 2175 ut
1275 2107 1429 2176 Zenodoti

366 2243 399 2302 et
429 2232 606 2302 Aristarchi
637 2233 792 2301 lectiones
823 2243 1016 2323 exponeret,
1050 2252 1191 2320 quarum
1222 2233 1428 2302 notationum

367 2380 443 2449 pars
467 2358 603 2426 maxima
629 2379 732 2446 quum
756 2359 805 2427 vel
829 2358 943 2427 iisdem
962 2359 1013 2426 vel
1031 2358 1142 2447 paullo
1158 2357 1308 2448 pluribus
1321 2358 1426 2429 verbis

368 2484 465 2553 etiam
496 2484 530 2551 in
561 2483 691 2552 scholiis
722 2483 953 2572 marginalibus
985 2483 1121 2572 legatur,
1155 2481 1425 2570 intermarginalia

367 2630 405 2678 ex
437 2608 668 2698 marginalibus
700 2617 914 2705 excerptanet
946 2606 977 2675 in
1009 2607 1148 2675 sormam
1173 2605 1355 2682 breuiorem
1379 2628 1429 2675 re-

367 2734 459 2802 dacta
482 2732 581 2801 videri
607 2742 758 2822 possent,
784 2731 845 2799 nisi
868 2729 1008 2821 plurima
1032 2731 1234 2798 continerent
1263 2751 1346 2819 quae
1365 2751 1430 2798 non

365 2858 519 2945 leguntur
547 2855 582 2922 in
604 2856 836 2945 marginalibus
861 2856 1140 2944 quemadmodum
1164 2855 1304 2925 vicissim
1328 2857 1430 2924 multa

366 3001 450 3070 quae
472 2980 505 3048 in
523 2980 755 3070 marginalibus
772 2981 812 3049 dc
831 2981 999 3063 Zenodoti,
1018 2981 1209 3064 Aristarchi,
1221 2981 1430 3072 aliorumque

346 3177 349 3183 ,
367 3106 655 3200 grammaticorum
687 3106 858 3196 scripturis
884 3106 1067 3189 traduntur,
1091 3128 1158 3176 non
1176 3107 1384 3198 reperiuntur
1399 3107 1431 3174 in

368 3231 701 3321 intermarginalibus:
732 3251 773 3300 ex
805 3252 870 3320 quo
895 3232 1045 3321 sequitur
1067 3231 1341 3319 intermarginalia
1366 3252 1431 3300 non

369 3377 408 3425 en
431 3357 661 3446 marginalibus
684 3356 782 3425 huius
808 3356 944 3437 codicis,
970 3356 1025 3424 scd
1045 3375 1086 3422 ex
1103 3354 1198 3423 simili
1215 3355 1321 3444 aliqua
1338 3356 1432 3424 scho-

370 3484 489 3552 liorum
525 3483 714 3552 collectione
749 3482 788 3550 ab
824 3483 886 3550 alio
922 3478 1132 3570 grammatico
1168 3499 1239 3547 esse
1262 3490 1430 3568 excerpta,

369 3606 457 3675 nulla
492 3606 601 3675 habita
637 3607 761 3676 ratione
797 3606 996 3675 scholiorum
1033 3624 1117 3694 quae
1151 3603 1216 3672 iam
1252 3605 1372 3695 scripta
1400 3604 1432 3671 in

369 3729 513 3818 margine
539 3741 663 3812 essent,
688 3731 749 3799 nisi
761 3732 850 3821 quod
862 3729 973 3822 paucis
988 3729 1183 3820 quibusdam
1196 3731 1229 3799 iu
1241 3731 1321 3799 locis
1334 3750 1431 3798 anno·

368 3853 507 3922 tationes
531 3854 808 3947 intermarginales
832 3857 873 3925 ad
897 3855 1017 3925 scholia
1043 3867 1191 3946 spectant
1211 3855 1429 3945 marginalia.»

376 4004 378 4008 ¹
413 3976 501 4074 Quae
537 3979 644 4051 omnia
677 3980 729 4049 hic
763 3981 918 4073 exscripsi
952 3992 989 4050 ut
1024 3993 1195 4072 appareret
1230 4003 1296 4071 quo
1334 4003 1432 4052 sensu

370 4103 496 4171 nomen
531 4104 671 4177 «scholia
714 4105 1005 4195 intermarginalia»
1043 4108 1102 4177 hac
1138 4108 1171 4176 in
1205 4108 1433 4178 dissertatione
