3196 5292
685 709 737 778 53

173 928 277 1009 ditur,
308 927 390 1018 quin
414 927 510 996 etiam
534 925 727 996 necessaria.
772 923 1069 1007 Quemadmodum,
1094 932 1131 991 ut
1156 922 1243 992 Cica-

174 1053 268 1123 ronis
305 1052 414 1123 verbis
450 1062 533 1133 utar,
570 1051 654 1121 inter
676 1051 797 1122 bellum
823 1061 855 1120 et
878 1071 991 1142 pacem
1013 1049 1059 1119 nil
1081 1049 1242 1130 medium,

174 1177 225 1247 sic
250 1177 406 1266 equidem
430 1197 497 1245 non
520 1175 631 1258 uideo,
657 1198 798 1267 quonam
822 1187 918 1268 pacto
943 1177 1036 1245 stilus
1053 1175 1241 1266 etgladius,

174 1311 373 1392 argumenta
415 1304 457 1370 cx'
489 1301 616 1372 licentia
649 1302 776 1394 poetica
811 1314 843 1373 et
877 1301 985 1394 pugna
1021 1304 1120 1374 ducta·
1153 1303 1241 1383 dico,

174 1429 263 1498 inter
289 1449 325 1498 sc
351 1427 516 1497 conciliari
541 1427 678 1519 possint.

222 1559 264 1627 At
297 1579 341 1626 ne
377 1556 508 1646 lougius
536 1556 665 1639 abeam,
690 1556 788 1626 missa
812 1556 1021 1655 translatione
1045 1575 1148 1624 meam
1173 1554 1244 1646 opi·
1297 1577 1301 1586 ·

174 1684 309 1753 nionem
341 1683 478 1752 tradam.
524 1681 671 1763 Quatuor
693 1681 764 1751 illae
787 1691 885 1751 notae
907 1703 959 1751 me
984 1681 1115 1772 quidem
1137 1679 1243 1750 iudice

176 1807 240 1877 etsi
275 1828 342 1877 non
378 1828 396 1876 e
432 1806 597 1876 communi
631 1807 721 1876 lonte
756 1807 936 1888 duxerunt,
973 1808 1111 1876 eundem
1135 1817 1243 1876 tamen

175 1933 367 2006 habueruut
390 1926 597 2024 scriptorem
632 1953 789 2023 eumque,
819 1932 852 2001 ni
876 1929 986 2013 fallor,'
1003 1932 1241 2012 Aristarchum,

177 2060 270 2150 quod
302 2059 343 2128 de
374 2050 515 2128 secunda
549 2058 612 2128 iam
648 2068 786 2128 constat.
833 2057 973 2128 Tertiam
999 2067 1106 2128 autem
1132 2067 1242 2127 uotam

178 2184 309 2254 silcmio
345 2184 522 2275 praeterire
557 2205 709 2276 possum,
746 2182 899 2274 quoniam
936 2203 972 2251 ea
1007 2181 1040 2250 in
1069 2173 1194 2250 Veneto
1205 2175 1243 2249 'A

179 2330 315 2400 quoque
354 2309 486 2398 legitur.
532 2309 646 2400 ltaque
681 2319 805 2379 restant
841 2304 1000 2379 scholium
1034 2308 1177 2401 primum
1211 2319 1244 2377 et

179 2443 361 2523 quartum,v
383 2454 526 2523 quorum
553 2433 634 2503 illud
667 2434 832 2504 annotatio
866 2445 917 2505 est
939 2433 1115 2504 Aristonici
1138 2455 1243 2525 neque

71 2628 73 2634 ,
179 2558 282 2648 igitur
304 2555 491 2628 Aristarcho
516 2559 765 2629 abiudicandum
788 2569 848 2629 est.
874 2543 1016 2629 Verbum
1030 2580 1129 2650 porro
1141 2588 1241 2648 φασιν

181 2686 279 2776 quod
302 2685 335 2754 in
358 2685 421 2754 hoc
445 2685 570 2756 scholio
593 2685 767 2767 invenitur,
792 2704 831 2754 eo
855 2677 945 2755 ducit
969 2695 1006 2753 ut
1028 2684 1242 2776 Porphyrium

182 2812 236 2881 hic
269 2811 500 2882 Alexandrinos
536 2812 690 2882 refellisse
725 2821 848 2902 putem.
895 2811 1030 2900 Insuper
1065 2797 1243 2899 utrumque

185 2936 345 3006 scholium
368 2935 428 3006 etsi
451 2936 576 3007 diverse
599 2935 802 3006 enuntiatum
827 2946 860 3006 at
884 2935 1019 3006 similem
1044 2927 1242 3005 ohservatio-

185 3082 261 3129 nem
295 3059 458 3130 continent
478 3082 589 3151 seque
613 3061 749 3131 invicem
772 3039 901 3154 explere
924 3061 1083 3131 uidentur.
1130 3062 1243 3152 ltaque

188 3185 372 3267 uerisimile,
407 3185 558 3278 quartam
593 3187 690 3256 etiam
717 3196 829 3257 uotam
853 3207 989 3276 eamque
1013 3186 1144 3276 quidem
1168 3207 1242 3275 par-

190 3320 256 3379 tem
279 3331 374 3400 quam
397 3332 495 3403 supra
519 3312 737 3393 laudavimus,
759 3322 926 3381 auctorem
938 3311 1091 3381 hahuisse
1103 3312 1243 3382 Aristar-

191 3435 298 3504 chum.
343 3436 433 3516 Quod
463 3435 490 3506 si
521 3458 650 3518 uerum,
682 3458 823 3508 nonme
848 3446 941 3506 teneo
965 3439 1045 3527 quin
1069 3429 1166 3506 verba
1189 3437 1242 3506 illa

193 3561 448 3632 commentationi
472 3563 511 3631 da
535 3552 701 3632 navalibus
725 3563 898 3652 assignem.
927 3558 1051 3653 Nempe
1075 3583 1092 3630 a
1113 3562 1243 3642 navium

196 3687 321 3768 ordine,
357 3709 450 3779 quem
488 3699 526 3758 ut
559 3687 710 3758 novimus
747 3688 778 3756 in
815 3687 1087 3756 commentatione
1118 3686 1243 3777 perdita

196 3811 375 3903 descripsit,
399 3824 552 3904 quartum
578 3813 658 3882 illud
682 3833 814 3904 quoque
839 3811 999 3881 scholium
1013 3821 1243 3901 argumentum

199 3937 298 4008 duxit.
337 3936 457 4029 Nc'que'
472 3959 555 4029 quae
578 3937 640 4006 hic·
656 3937 839 4019 traduntur,
866 3958 941 4006 cum
965 3935 1148 4005 Aristarchi
1171 3957 1243 4004 sen·

197 4063 295 4147 tentia
316 4067 465 4154 puguant.
931 4067 934 4076 '

247 4186 379 4269 Quaerat
408 4188 582 4280 quispiam,
619 4188 675 4258 uhi
698 4190 829 4259 tandem
852 4209 962 4258 rerum
985 4198 1156 4257 contextus
1180 4186 1243 4260 tale
