3162 5294
672 676 715 751 73

159 896 235 966 ἀλλ’
259 906 365 988 ἑαυτῷ
391 903 445 966 καὶ
469 895 586 986 πατρί.
623 904 677 966 καί
701 905 819 984 τάτῆς
846 898 971 984 πληγῆς
995 899 1220 968 ἀνακόλουθα.

160 1030 230 1101 πῶς
255 1030 315 1112 γάρ
339 1028 468 1114 η’νίοχος
487 1030 534 1093 ὠν
559 1031 680 1093 ὄπιθεν
705 1029 790 1093 κατά
814 1029 869 1092 τὸν
896 1007 1019 1113 αὐχένα
1040 1006 1196 1114 βάλλεται
1209 1045 1219 1102 ,·

160 1152 192 1216 εί
215 1179 273 1236 περ
297 1149 555 1236 ἀπεστραμμένοι
587 1153 647 1232 μίν
679 1147 761 1234 ἦσαν
785 1153 817 1216 οἱ
840 1151 965 1237 δίφροι,
990 1153 1022 1216 οί
1045 1151 1079 1216 δὲ
1103 1163 1222 1237 παραι·

160 1280 263 1364 βάται
289 1273 562 1364 ἀπεστραμμένοι
586 1283 654 1354 τοῖς
675 1278 788 1353 ίπποις
815 1272 920 1361 (Ευελ.
938 1270 1035 1341 ίθλί.
1049 1272 1104 1355 λδ,
1123 1265 1220 1363 quent

163 1409 272 1466 tamen
303 1399 386 1487 sugit
417 1391 589 1488 utramque
621 1397 681 1466 hac
711 1397 751 1466 de
778 1418 812 1466 re
838 1397 1021 1487 opinionem
1046 1397 1222 1468 Aristarchi

161 1523 277 1614 fuisse)
311 1523 556 1614 ἐπρηνίσδησαν
589 1534 632 1595 άν
660 1532 692 1594 oi
713 1529 918 1615 παραιβάται
943 1533 1043 1613 μόνον
1068 1496 1223 1615 ιιινηθίν·

155 1671 228 1718 ’τιον
252 1651 316 1718 τῶν
340 1655 449 1721 ἳππων
474 1655 519 1730 είς
543 1658 602 1738 τὴν
626 1645 775 1740 πτέρναι
797 1661 852 1722 τοῦ
876 1655 990 1741 δίφρου
1007 1661 1150 1733 ἑστῶτες.

207 1770 384 1842 Aristarchi
396 1774 554 1843 sententia
566 1771 599 1842 in
607 1775 729 1844 Veneto
742 1775 766 1842 B
778 1773 989 1864 impugnatur
1003 1776 1091 1846 hisce
1100 1775 1222 1846 verbis:

157 1896 279 1987 ’ῥητέον
303 1903 338 1969 δὲ
368 1905 418 1969 ὅτι
453 1906 619 1990 χαρίζεται
653 1908 697 1988 τῷ
721 1903 858 1990 Ἕκτορι
884 1910 939 1972 καί
964 1911 1060 1984 αὐτὸς
1082 1909 1158 1986 ’ίσιος
1182 1912 1224 1990 ὠς
1250 1980 1252 1985 ,

156 2017 346 2116 ἐπίκουρος.
378 2029 562 2114 Δαρδάνιος
593 2033 653 2115 γάρ
685 2027 735 2115 ἦν.
761 2027 840 2097 καθ’
862 2030 1010 2120 Ὅμηρον
1035 2040 1113 2116 γοῦν
1135 2034 1221 2124 άλλη

163 2156 253 2224 ἐστίν
276 2163 297 2241 ἡ
320 2158 424 2242 Τροία
460 2157 515 2223 καί
550 2155 636 2243 άλλη
670 2164 691 2241 ἡ
725 2159 907 2244 Δαρδανία.
943 2163 1027 2239 εῖιιδς
1062 2161 1096 2226 δι’
1121 2151 1200 2229 αὐτὸ
1321 2173 1323 2178 ’

164 2286 332 2363 ἐπαινεῖν,
356 2284 439 2351 ὅπου
461 2289 558 2369 μόνος
588 2289 671 2352 ἄνευ
701 2285 896 2371 παραβάτου
918 2283 1066 2372 πολεμεῖ,
1092 2285 1142 2351 διδ
1167 2289 1222 2352 καί

163 2409 321 2498 βάλλεται
352 2412 427 2486 ’ίσως
449 2411 611 2496 στραφείς·
638 2409 772 2496 ποικίλη
805 2417 865 2497 γάρ
891 2415 979 2479 ἐστιν
1003 2418 1024 2495 η
1045 2417 1141 2498 μάχη.
1166 2410 1223 2476 αὖ·
1266 2465 1268 2470 .

165 2535 246 2623 χίνα
270 2536 305 2602 δὲ
328 2539 347 2602 o'
368 2542 504 2625 ποιητὴς
535 2547 594 2622 τήν
613 2544 722 2605 πᾶσαν
747 2537 956 2625 περιφέρειαν
981 2543 1036 2605 τοῦ
1061 2538 1223 2628 τραχήλου
1333 2587 1335 2592 ,

164 2667 262 2752 φησίν
296 2665 410 2752 (quam
441 2661 482 2730 ob
514 2681 645 2730 eausam
676 2667 761 2730 ιιατά
792 2667 850 2731 τὸν
878 2664 1001 2751 αὐχίνα
1026 2681 1044 2730 e
1068 2641 1224 2730 codiceB

163 2786 299 2878 recepi).

209 2912 281 2982 Non
315 2905 424 2981 autem
460 2911 597 2981 fortuito
631 2930 690 2979 nec
725 2919 847 2979 temere
882 2905 1060 2979 Aristarchi
1083 2909 1222 2978 rerbae
1326 2925 1331 2931 ·

163 3037 439 3109 commentatione
462 3037 501 3106 de
524 3027 690 3106 navalibus
715 3023 993 3126 quae‘scholiasta
1017 3036 1143 3117 laudat,
1169 3056 1222 3104 er-

164 3164 297 3256 scripsi,
323 3164 378 3233 sed
402 3174 440 3232 ut
463 3184 539 3232 cum
561 3161 600 3231 iis
624 3181 819 3251 componam
844 3159 977 3230 0385:
1026 3181 1028 3186 ’

253 3297 296 3371 ὣς
320 3295 426 3379 Τρῶες
448 3290 571 3376 μεγάλῃ
587 3292 674 3378 Ιἰαχῇ
697 3293 782 3358 κατά
805 3297 910 3378 τεῖχος
934 3290 1086 3376 ἔβαινον,
1131 3329 1133 3337 ·
1184 3276 1209 3286 ”

253 3424 376 3494 ίππυυς
398 3394 619 3494 εἰσελάσαντες
644 3419 696 3484 ἐπὶ
720 3420 880 3504 πρύμνῃσι
904 3419 1046 3502 μάχοντο

155 3549 159 3556 ’
254 3528 381 3635 ἔγχεσιν
406 3535 580 3630 σι’μφιχιίοις
604 3540 815 3630 αὐτοσχεδόν,
833 3545 865 3609 οί
886 3543 945 3626 μὲν
969 3537 1024 3623 ἀφ’
1040 3543 1165 3614 tucca,

212 3723 214 3732 ,
254 3675 285 3738 οἱ
308 3669 412 3738 δὀἰπδ
437 3673 525 3757 νηῶν
549 3671 610 3756 ricta
633 3667 820 3753 μελαινάων
847 3671 1030 3755 ἐπιβάντες.

163 3795 242 3866 (lod.
266 3795 292 3863 A
314 3793 366 3862 hic
389 3793 499 3862 affert:

163 3927 244 4012 πρὸς
267 3923 509 4007 τὴνίδιότητα
539 3931 595 4007 τῆς
628 3929 752 4009 μάχης,
783 3923 833 3987 ὃτι
857 3923 888 3987 οί
907 3925 968 4006 μίν
994 3921 1223 4008 ἐπιβεβηκότες

163 4060 239 4128 ταῖς
262 4055 423 4138 πριίμναις
448 4058 524 4116 τῶν
540 4055 637 4130 νεῶν,
655 4051 686 4115 οί
702 4048 737 4114 δὲ
754 4048 1019 4135 ἀποστρέψαντες
1037 4047 1078 4112 τά
1092 4049 1223 4130 άριιατα

163 4176 219 4244 ε’πί
244 4181 309 4244 τῶν
334 4176 471 4264 δίφρων,
494 4172 540 4244 ἵν’
563 4170 583 4262 ᾖ
605 4172 663 4242 ἀπ’
686 4163 779 4255 ἰ’σου,
806 4207 807 4211 “
