3196 5292
876 688 945 758 50.

366 927 464 996 quam
498 904 756 974 observationem
792 903 944 973 Lehrsius
979 925 1011 994 p.
1046 901 1112 974 tto
1141 903 1226 974 inter
1248 905 1446 975 Aristarchi

364 1042 458 1101 notas
494 1041 527 1100 et
561 1029 692 1120 quidem
728 1030 976 1120 topographicas
1015 1030 1152 1120 recepit,
1186 1031 1272 1100 haud
1297 1031 1364 1100 seio
1395 1054 1445 1100 an

364 1155 490 1224 iniuria.
540 1155 612 1224 Non
641 1155 726 1224 enim
761 1155 858 1224 habet
894 1158 1032 1226 sormam
1070 1177 1133 1247 qua
1166 1157 1338 1227 Aristonici
1374 1181 1444 1228 an-

365 1280 549 1350 notationes
579 1277 710 1369 agnosci
742 1281 857 1350 solent.
903 1281 1071 1352 Praeterea
1095 1284 1195 1352 ceteri
1217 1284 1346 1354 codices
1370 1298 1440 1355 aut

367 1407 462 1476 silent
492 1418 549 1476 aot
578 1407 656 1476 nihil
681 1407 862 1488 continent,
897 1408 981 1476 unde
1005 1407 1144 1477 efficitur
1168 1408 1437 1478 observationem

364 1535 527 1604 laudatam
551 1533 774 1604 Aristarchum
799 1533 951 1603 habuisse
974 1543 1152 1602 auctorem.
1192 1532 1327 1602 Subolet
1349 1535 1438 1602 mihi

363 1661 475 1751 potius
498 1671 574 1730 nota
599 1659 735 1729 alieuius
757 1658 972 1750 grammatici,
1007 1658 1163 1750 quiquid
1186 1659 1435 1749 praepositione

362 1789 428 1858 ἀνά
461 1785 493 1853 in
514 1785 684 1876 participio
707 1791 856 1866 ἀνιόντες
882 1759 1098 1874 significetur,
1124 1786 1283 1876 explicare
1308 1787 1432 1870 voluit,

362 1912 450 1982 haud
473 1911 565 1980 aliter
589 1933 626 1980 ac
651 1921 889 1980 commentator
913 1910 970 2000 qui
993 1910 1026 1979 in
1038 1910 1152 1980 eodem
1167 1910 1277 1980 codice
1289 1911 1433 1982 adnue

362 2048 473 2106 notam
497 2036 665 2129 apposuit,
691 2038 730 2106 de
754 2058 818 2127 qua
841 2057 915 2127 pag.
940 2035 983 2104 18
1006 2036 1069 2105 iarn
1083 2035 1218 2126 egimus.
1244 2037 1434 2128 Scioatque

363 2162 438 2234 aovi
473 2163 571 2231 talem
593 2161 850 2252 explanationem
877 2161 917 2230 ab
942 2162 1088 2231 acumine
1109 2162 1226 2232 mentis
1250 2163 1431 2233 Aristarchi

363 2287 494 2356 minime
525 2287 659 2356 alienam
696 2299 793 2378 posse
816 2287 933 2369 rideri,
965 2297 1108 2357 attamen
1131 2290 1252 2358 trustra
1268 2283 1429 2380 'equidem

364 2423 594 2502 argumentum
618 2411 777 2501 quaesivi,
813 2433 879 2501 quo
903 2424 1057 2504 appareat
1079 2413 1161 2483 hanc
1185 2415 1430 2506 interpretatio·

362 2559 436 2606 nem
461 2520 490 2607 ei
513 2537 665 2606 vindicari
688 2559 795 2628 posse.
989 2535 992 2543 ’

405 2665 584 2735 Perfunctis
608 2664 701 2734 nobis
727 2664 954 2755 disquisitione
979 2664 1017 2737 de
1038 2665 1166 2734 navium
1186 2664 1324 2735 statione
1337 2665 1428 2735 dein·

361 2812 437 2882 ceps
461 2791 557 2860 etiam
580 2789 704 2880 reliqua
731 2810 813 2880 quae
836 2791 901 2858 huc
925 2789 1044 2860 debent
1060 2791 1187 2874 referri,
1206 2792 1425 2882 percontanda

362 2915 585 3006 sunt'Neque
605 2936 642 2984 ea
662 2914 770 2984 omitti
791 2936 851 3006 par
863 2925 913 2984 est
926 2936 1009 3005 quae
1022 2938 1053 3007 p.
1070 2914 1112 2985 99
1126 2916 1256 3007 scripsit
1268 2916 1425 2986 Naberus.

409 3040 531 3132 «Opera
554 3039 697 3131 pretium
718 3040 796 3110 mihi
820 3041 978 3124 videtur»,
1005 3041 1055 3112 uir
1079 3043 1279 3113 clarissimus
1302 3044 1424 3134 inquit,

367 3169 554 3259 rerplorare
586 3189 664 3236 num
690 3188 726 3236 ex
752 3166 895 3256 diligenti
917 3168 1066 3237 locorum
1088 3167 1330 3263 comparatione
1354 3188 1424 3237 eam

365 3293 507 3362 tabulam
537 3293 619 3380 (scil.
647 3315 744 3384 quam
768 3293 941 3363 scholiasta
964 3303 1005 3364 τὰ
1029 3300 1084 3365 τοῦ
1109 3299 1323 3385 ναυστάθμου
1349 3298 1424 3366 διά-

364 3451 495 3510 γραμμα
522 3421 683 3510 appellare
708 3419 804 3510 solet)
829 3419 1010 3489 instaurare
1034 3419 1212 3511 possimus.
1247 3419 1427 3510 Plerosque

364 3545 454 3614 locos
478 3544 534 3635 qui
558 3547 622 3613 huc
645 3545 824 3635 pertinent,
851 3545 1004 3615 Lehrsius
1029 3567 1068 3616 ex
1094 3545 1224 3615 scholiis
1248 3545 1407 3636 excerpsit
1416 3570 1424 3629 3

364 3688 466 3736 unum
501 3690 659 3759 eumque,
696 3668 758 3738 nisi
794 3670 896 3752 fallor,
930 3671 1007 3740 satis
1031 3672 1276 3742 memorabilem
1302 3671 1423 3742 omisit.

363 3792 513 3882 Legimus
545 3793 656 3862 Atat
685 3794 829 3863 Leuoum
853 3795 1013 3886 quendam
1038 3795 1161 3888 Ulyssis
1186 3797 1311 3866 socium
1333 3797 1425 3866 hasta

329 3889 333 3902 ⁴
362 3937 559 4008 percussum
593 3919 709 4000 luisse,
745 3943 841 4011 quarn
878 3921 1039 4012 Antiphus
1076 3924 1220 3994 tortissct
1256 3924 1289 3993 in
1321 3923 1423 3994 Aiacis

365 4040 546 4111 Telamonis
581 4043 694 4112 filium.
740 4046 788 4114 Ad
823 4067 898 4115 eum
932 4048 1040 4117 locum
1076 4050 1275 4141 adscriptum
1312 4061 1362 4120 est
1392 4050 1425 4119 in

366 4167 477 4235 codice
499 4168 621 4238 Veneto
648 4169 730 4259 (scil.
754 4171 818 4260 A):
842 4171 892 4242 fiir
918 4187 1083 4264 συγχεῐται
1109 4185 1149 4246 τὰ
1170 4189 1225 4264 τῆς
1238 4181 1354 4258 τάξεως
1368 4175 1423 4246 διὰ
