3162 5294
662 991 724 1063 XL

63 1319 67 1326 ·
200 1280 305 1350 Schol.
330 1281 370 1350 ad
394 1279 459 1348 iuv.
482 1279 550 1377 Sat.
565 1279 628 1347 VH.
644 1277 687 1348 60
700 1279 906 1358 scribendum
919 1301 993 1349 curn
1006 1279 1156 1348 Pithoeo:

150 1406 293 1475 insanire
316 1426 442 1496 pauper
466 1425 531 1473 non
554 1414 679 1494 potest,
705 1416 762 1473 aut
785 1404 908 1475 moveri
930 1406 970 1475 ad
987 1405 1211 1489 scribendum,

151 1531 230 1623 qnia
254 1530 464 1602 familiaribus
489 1529 780 1632 rebusconsulere
803 1532 940 1622 cogitur.
980 1531 1097 1599 Dicunt
1119 1551 1209 1612 narn,

150 1657 215 1726 nisi
239 1649 409 1739 insanum,
435 1666 565 1748 poetam
587 1675 660 1726 esse
683 1677 747 1730 non
771 1678 877 1747 posse.

197 1802 257 1872 pro
278 1782 407 1872 vulgata
430 1781 584 1851 lectione:

156 1905 233 1998 quia
257 1927 333 1975 curn
358 1905 566 1976 familiaribus
592 1905 690 1975 rebus
716 1907 857 1977 consulit
879 1928 946 1978 non
970 1909 1108 2000 cogitur.

653 2285 718 2356 XII.

199 2526 304 2596 Sahal.
330 2530 370 2600 ad
394 2530 459 2599 iuv.
485 2533 550 2604 Sal.
574 2534 624 2601 IX.
649 2533 710 2601 50:

201 2652 235 2720 In
260 2653 350 2724 cultu
375 2654 526 2727 viridem:
551 2667 710 2748 gemmata
735 2658 957 2727 dextrocheria

150 2775 277 2846 scribe:

199 2900 333 2972 Sucina:
358 2916 518 2993 gemmata
542 2907 774 2980 dextrocheria.

644 3227 722 3296 Xlll.

78 3519 82 3526 ¹
150 3531 281 3602 Scholia
306 3532 346 3602 ad
370 3533 436 3602 Iuv.
462 3533 527 3602 Sat.
550 3532 636 3614 XIV,
665 3531 708 3600 33
732 3543 765 3602 et
787 3531 848 3601 34:

197 3655 252 3725 33.
279 3656 368 3726 Unus
392 3668 425 3726 et
449 3659 545 3726 alter:
569 3668 663 3748 paler
686 3667 717 3726 at
741 3678 831 3726 avus.

198 3777 254 3849 34.
278 3780 426 3852 Forsitan
450 3782 529 3852 haec
553 3794 700 3874 sperant:
725 3783 756 3854 id
781 3793 831 3853 est
855 3783 971 3875 turpia.

153 3908 202 3978 sic
227 3907 427 3976 restituenda
452 3919 546 3976 suni:

201 4031 257 4102 33.
282 4032 401 4121 Magnis
426 4033 632 4102 auctoribus:
657 4045 748 4125 paler
771 4044 804 4104 et
831 4055 920 4102 avus.

201 4158 267 4234 34..
282 4158 374 4229 Unus
398 4169 431 4230 et
454 4160 535 4230 alter
546 4159 681 4234 forsitan
700 4161 778 4236 haec
796 4170 966 4256 spernant:
990 4159 1084 4232 idest
1098 4158 1214 4254 turpia.
1246 4153 1260 4176 ”
