3196 5292
676 700 818 768 ii·

167 912 261 1002 phica
281 933 464 1001 ‘numquam
489 925 775 996 commemoratur,
799 917 832 985 in
855 917 978 985 Veneto
995 918 1021 984 Α
1037 927 1146 987 autern
1160 929 1230 987 tan-

169 1038 339 1105 tummodo
362 1037 484 1105 novies.
511 1037 624 1126 Neque
646 1038 755 1127 igitur,
780 1050 817 1107 ut
841 1038 942 1120 vides,

290 1160 467 1232 θεσπέσιον
490 1163 632 1235 πλοῦτον
655 1164 748 1232 nobis
772 1169 925 1256 κατέχευε
948 1173 1107 1255 Κρονίων.

212 1283 337 1360 Scholia
361 1285 413 1352 hic
437 1285 633 1368 exscribam,
659 1288 788 1356 omissis
812 1297 920 1358 tamen
939 1290 1118 1360 Homericis
1134 1293 1228 1374 loeis,

169 1407 322 1497 quoniam
358 1408 437 1476 haee
473 1408 580 1476 omnia
613 1409 645 1477 in
678 1410 748 1500 ipsa
779 1411 1005 1482 dissertatione
1029 1415 1134 1482 fusius
1158 1436 1231 1505 per·

168 1531 326 1600 tractabo.

213 1663 247 1720 K
269 1653 321 1723 53.
367 1659 707 1730 &veterascerent
742 1667 808 1732 τῶν
832 1660 989 1735 τοιούτων
1013 1672 1054 1734 τά
1077 1673 1151 1756 περὶ
1175 1677 1230 1738 τοῦ

169 1790 386 1871 ναυστάθμου
417 1787 436 1850 εί
466 1781 685 1875 Ἀρίσταρχος
718 1771 1016 1874 έπραχματετίσατυ.
1042 1795 1145 1880 ῥητῶς
1170 1797 1230 1882 χάρ

169 1909 298 1989 λέγεται
323 1906 461 1996 πλησίου
485 1918 540 1980 τοῦ
556 1915 709 1991 Αἴαντος
725 1923 744 1983 c‘
759 1912 943 1999 Ἰδομενεύς
963 1917 1231 2002 νενευλκηκέναι.

213 2039 248 2098 K
268 2031 342 2100 119.
389 2041 468 2123 πρὸς
493 2039 533 2104 τά
558 2043 631 2124 περὶ
663 2047 718 2108 τοῦ
753 2046 980 2125 ναυστάθμου,
1012 2045 1064 2108 ὃτι
1090 2043 1230 2128 πλησίου

123 2226 127 2234 .
169 2164 187 2226 ὁ
211 2160 395 2247 Ἰδομενεύς
418 2164 572 2239 Αίαντος
597 2171 653 2232 τοῦ
677 2165 891 2250 Τελαμωνίου
916 2166 1154 2249 ἐνενεοολκτίκει.

215 2290 249 2346 K
270 2281 344 2350 ΜΟ.
390 2289 441 2354 ὅτι
476 2284 614 2374 πλησίον
646 2294 701 2356 τοῦ
733 2297 861 2376 Λοκροῦ
893 2293 1045 2368 Αίαντος
1073 2293 1232 2380 όΜίγης

170 2410 410 2494 ένενεωλκήκει·
446 2419 501 2479 καί
537 2412 705 2482 διίσταλκε
741 2415 794 2493 δέ,
821 2421 976 2500 προσθείς
1011 2423 1125 2507 ταχείυ.
1152 2429 1173 2505 ἡ
1196 2419 1230 2486 δὲ

168 2537 320 2623 α’ναφορά
344 2539 422 2623 πρὸς
446 2543 487 2603 τὰ
508 2544 581 2625 περί
607 2546 662 2606 τοῦ
687 2543 918 2624 sanctionum

214 2671 247 2726 A
269 2661 299 2731 6.
346 2667 425 2752 πρὸς
446 2670 486 2731 τὰ
510 2666 660 2750 περὶτοῦ
684 2671 911 2750 ναυστάθμου,
936 2668 988 2732 δτι
1014 2669 1049 2734 ἐν
1072 2666 1157 2753 μέσῳ
1174 2669 1246 2742 τὰς’

169 2799 225 2861 τοῦ
249 2791 425 2870 Ὀδυσσέως
447 2794 664 2870 ὑποτίθεται,
703 2787 752 2876 ἐφ’
776 2793 932 2877 ἑκατέρου
956 2792 991 2857 δὲ
1016 2791 1151 2876 κέρατος
1173 2793 1232 2866 τάς

169 2916 356 3006 Ἀχιλλέως
381 2921 436 2983 καί
460 2917 623 2994 Αἴαντος.

215 3049 256 3106 Μ
279 3039 354 3109 958.
399 3047 450 3110 ὅτι
482 3044 616 3129 κρόσσας
648 3045 683 3109 ἒν
713 3044 774 3126 μέν
804 3047 873 3116 τοῖς
902 3043 1108 3126 ὑπομνήμασι
1134 3063 1234 3121 κεφα-

169 3168 287 3248 λίδας,
314 3171 348 3235 έν
373 3168 408 3233 δὲ
433 3175 500 3243 τοῖς
526 3171 599 3251 περί
634 3173 690 3235 τοῦ
723 3174 939 3255 ναυστάθμου
970 3165 1142 3253 κλίμακας.

215 3297 267 3359 iul
292 3294 348 3360 τὸν
371 3294 545 3376 σύνδεσμον
557 3291 617 3377 μέν
643 3297 671 3359 εἴ
687 3291 944 3377 διαστέλλυιμεν,
957 3293 1086 3372 γένοιτο
1098 3295 1141 3358 ἂν
1155 3295 1233 3376 πείρ·

170 3445 236 3502 μων
260 3421 336 3485 α’ντί
367 3424 423 3484 τοῦ
448 3420 501 3483 tut
526 3420 600 3492 τούς
623 3422 765 3503 πείρμσυς
789 3410 847 3491 τὰς
876 3419 1035 3501 κλίμακας
1060 3414 1181 3484 εἷλκον·
1206 3421 1234 3482 εἰ

171 3543 205 3608 δὲ
238 3549 458 3627 συνάπτωμεν
484 3544 617 3627 κρόσσας
641 3548 773 3628 πυργων
796 3544 854 3619 τὰς
877 3545 1009 3629 ἐξοχάς,
1030 3547 1102 3630 περί
1127 3535 1173 3608 ὧν
1198 3544 1232 3609 ἓν

114 3639 121 3648 ¹
172 3675 240 3744 τοῖς
276 3671 347 3750 περὶ
385 3671 601 3753 ναυστάθμου
645 3667 786 3749 λέγεται.
845 3663 932 3742 Quae
969 3663 1232 3752 subsequuntur:

171 3795 256 3857 κατὰ
282 3791 315 3856 δέ
338 3792 395 3858 τὸν
423 3797 579 3878 πρότερον
612 3791 709 3873 λόγον
745 3798 875 3877 κρόσσαι
903 3795 939 3857 αἶ
967 3791 1140 3878 πολεμικαὶ
1164 3791 1233 3857 κλί-

174 3943 275 4000 μακες
311 3920 365 3981 καί
390 3917 430 3982 τά
452 3924 671 4004 μηχανήματα
694 3921 735 3982 τά
759 3916 986 4001 α’νθιστάμενα
1009 3925 1077 3993 τοῖς
1097 3920 1233 4003 τείχεσιν

170 4037 320 4106 Nicanori
343 4038 505 4106 vindicare
528 4058 594 4105 non
608 4037 723 4106 ausim.
759 4037 842 4104 Ninit
862 4039 947 4105 enim
971 4037 1046 4105 novi
1067 4035 1233 4126 praebent.

170 4162 338 4230 Praetereo
364 4161 549 4252 suspicione
572 4183 637 4230 non
659 4182 796 4253 prorsus
821 4173 908 4230 caret
930 4163 983 4264 illa
1006 4160 1233 4251 particulare,
