3196 5292
680 670 718 740 51

173 896 239 974 τὴν
283 901 338 960 τοῦ
376 891 518 974 πολέμου
551 897 707 978 ταραχήν.
753 885 920 954 Praeterea
950 882 1173 964 Aristarchus,
1207 893 1244 950 ul

172 1013 208 1082 in
234 1014 304 1084 aliis
329 1014 494 1084 codicibus
521 1014 603 1101 (scil.
628 1014 706 1104 VL),
732 1033 799 1082 rem
823 1019 866 1094 ὥς
886 1019 1242 1101 ποιητικὴνπαραιτεῒ-

97 1223 101 1230 ,
175 1171 246 1212 ται.
292 1139 398 1229 Atque
422 1159 535 1210 rerum
561 1138 692 1229 quidem
716 1149 766 1206 est
788 1138 906 1208 milites
923 1137 1137 1228 ’μαχέσασθαι
1159 1143 1242 1208 κατὰ

174 1267 294 1352 σφέας,
339 1264 428 1354 quod
461 1263 755 1354 prudentissimum
791 1263 854 1331 suin
887 1262 1034 1333 Nestoris
1070 1263 1240 1332 eonsilium

176 1395 212 1455 Β
237 1387 318 1470 366,
342 1409 402 1456 neo
427 1397 534 1456 lamen
557 1388 657 1457 duces
681 1387 714 1457 in
737 1387 804 1458 acie
817 1400 945 1457 cerrum
957 1389 1066 1460 locum
1080 1399 1242 1480 occupant

174 1517 237 1586 sed
260 1537 298 1585 eo
323 1537 358 1584 se
382 1516 555 1584 conserunt
579 1534 644 1604 quo
670 1535 798 1604 pugnae
815 1514 897 1584 ratio
912 1513 1024 1583 suasit.
1050 1511 1167 1584 Videre
1179 1513 1242 1583 hoc

160 1649 229 1710 'est
250 1641 284 1714 in
306 1640 460 1710 Diomede
484 1640 598 1729 quinto
621 1639 705 1708 libro
722 1640 872 1731 idemque
886 1641 1026 1712 efficitur
1040 1662 1076 1711 ex
1091 1641 1240 1710 Merionis

174 1767 284 1836 verbis
308 1767 349 1836 ad
372 1766 580 1836 Idomeneum
605 1770 646 1834 N
667 1765 749 1835 307:

223 1897 421 1985 Δευκαλίδη,
445 1906 491 1983 πῇ
514 1895 542 1962 τ’
568 1901 610 1980 ἂρ
633 1893 776 1980 μέμονας
800 1898 983 1967 καταδῦναι
1007 1896 1122 1984 ὅμιλον
1135 1919 1165 1972 ,ν

222 2022 384 2090 Hactenus
408 2018 616 2090 doctissimus
641 2037 733 2088 meus
758 2017 942 2109 popularis,
967 2020 1007 2089 de
1031 1995 1241 2112 euiusopere

174 2147 328 2217 Kammer
350 2144 503 2214 iudicavit
526 2144 559 2214 in
575 2143 721 2214 Bursiani
734 2135 914 2214 Annalibus
927 2146 1000 2216 anni
1014 2145 1102 2215 1877
1117 2148 1188 2216 llol.
1201 2148 1237 2228 V,

174 2273 265 2344 Fasc.
290 2271 327 2340 ll.
352 2293 384 2362 p.
408 2269 490 2354 lau,
518 2270 573 2340 ubi
595 2270 680 2340 inter
703 2271 765 2340 alia
789 2282 821 2366 et
844 2272 940 2342 haee:
980 2274 1089 2342 «luch
1112 2275 1240 2344 bezieht

176 2397 245 2466 sich
269 2396 320 2466 die
343 2396 544 2486 Bemerkung
569 2397 625 2466 des
649 2396 851 2466 Aristonicus
877 2420 916 2466 zu
942 2404 971 2462 A
994 2398 1079 2481 llll,
1108 2399 1241 2472 dieder

174 2522 342 2628 Verlasser
376 2545 417 2590 zu
453 2522 515 2590 den
548 2542 611 2590 von
648 2521 746 2590 Lehrs
773 2522 854 2592 iiber
877 2522 928 2592 die
953 2524 1158 2616 Aulslellung
1182 2525 1239 2594 der

174 2649 290 2720 Sehille
314 2658 701 2738 zusammengelragenen
725 2647 872 2718 Scholien
897 2648 1010 2738 glaubl
1034 2649 1174 2738 nuliigen
1198 2673 1237 2718 zu

174 2777 319 2856 konnen,
345 2797 403 2865 gar
425 2774 516 2846 nieht
539 2775 598 2844 aul
618 2767 727 2844 diesen
751 2773 887 2844 Punkl.r

217 2900 370 2970 Rationes
403 2908 509 2982 lamen
539 2899 587 2967 vir
610 2899 810 2970 clarissimus
832 2921 897 2972 non
922 2901 1047 2982 emolit,
1074 2923 1172 2991 quarn
1195 2902 1238 2972 ob

174 3045 259 3107 rem,
284 3036 443 3115 quantum
467 3047 484 3093 a
508 3024 602 3094 nobis
626 3026 786 3115 praestari
803 3035 931 3117 polest,
949 3027 1130 3098 examinare
1142 3036 1238 3096 'cone-

173 3171 257 3230 mur,
283 3160 354 3218 ulra
380 3148 538 3219 sententia
561 3149 663 3239 magis
688 3172 768 3220 vero
793 3152 978 3242 propinqua
1002 3153 1158 3224 videatur.

217 3272 321 3342 Verba
345 3273 477 3343 Homeri
502 3285 595 3376 sunt:

218 3412 307 3472 τοῖον
332 3402 384 3488 ἄρ’
411 3399 621 3490 Ἀνθεμίδην
646 3408 835 3490 Σιμοείσιον
861 3407 1042 3493 ἐξενάριξεν
1125 3445 1128 3452 ·

219 3534 311 3607 Αἴας
335 3533 495 3616 διογενής.
524 3540 580 3600 τοῦ
606 3528 634 3593 δ’
660 3531 830 3614 ’Ἄντιφος
855 3531 1062 3619 αἰολοθώρηξ

216 3659 403 3744 Πριαμίδης
428 3653 507 3724 καθ’
532 3657 647 3743 ὅμιλον
673 3658 844 3727 ἀκόντισεν
869 3659 936 3738 οξὲι
966 3659 1067 3744 δουρί.

218 3787 272 3849 τοῦ
289 3788 349 3866 μὲν
372 3780 512 3868 ἅμαρθ’,
530 3787 548 3850 ό
565 3784 598 3850 δὲ
613 3793 759 3865 Λεῦκον,
773 3785 944 3862 Ὀδυσσέος
963 3785 1085 3853 ἐσθλὸν
1104 3793 1242 3871 ἑταῖρον

214 3910 378 3996 βεβλήκει,

172 4040 267 4121 atque
289 4031 333 4101 ita
357 4053 392 4101 se
414 4032 534 4102 habent
557 4033 694 4114 seholia,
721 4054 805 4123 quae
835 4033 1002 4103 commodi
1030 4053 1131 4102 eausa
1153 4033 1242 4102 nolis

176 4158 395 4227 numeralibus
418 4157 586 4227 indicabo:
