3162 5294
444 909 501 977 Illo
524 909 597 977 loco
620 906 776 996 legimus:

443 1040 509 1106 τῶν
546 1036 575 1103 δ’
613 1031 695 1122 (scil.
726 1030 936 1122 Achivorum)
960 1039 1035 1104 ὅσον
1066 1037 1101 1102 ln
1125 1041 1215 1122 σηῶα
1241 1035 1294 1101 καί
1318 1036 1451 1121 maiorem

1190 1168 1310 1247 τάφρος
1334 1162 1450 1248 ἔεργεν,

444 1291 591 1377 πλῆσθεν
614 1293 697 1376 ὁμῶς
719 1291 828 1356 ἳππων
853 1313 886 1357 τε
911 1291 966 1355 καί
990 1284 1119 1373 ἀνδρῶν
1146 1287 1333 1356 ἀσπιστάων

446 1417 630 1503 εἰλομένων.

402 1539 536 1610 Scholiis
572 1560 655 1630 quae
688 1537 721 1606 in
754 1537 877 1606 Veneto
902 1542 935 1601 B
970 1533 1131 1625 adscripta
1160 1542 1253 1614 sunt,
1278 1531 1356 1602 nihil
1378 1552 1451 1623 pro-

400 1663 537 1733 ficimus.
562 1663 640 1732 Tres
663 1672 773 1731 autem
794 1672 888 1732 notas
907 1661 1034 1731 exhibet
1055 1661 1126 1730 cod.
1146 1660 1200 1743 A.,
1219 1679 1302 1750 quae
1313 1657 1449 1750 Didymi,
1546 1741 1547 1750 ρ

399 1790 572 1860 Aristonici
597 1800 630 1860 et
651 1789 818 1859 Nicanoris
841 1797 927 1858 suut.
967 1786 1110 1869 Quarum
1133 1784 1237 1877 prima
1260 1783 1337 1853 nihil
1362 1781 1450 1852 affert
1546 1755 1547 1782 ἱ

400 1916 489 2008 quod
513 1915 553 1985 ad
576 1914 834 2006 disquisitionem
853 1924 998 1984 nostram
1023 1911 1182 2004 pertinet,
1211 1922 1336 1982 ceterae
1353 1929 1450 2002 pauca

400 2041 565 2111 continent
587 2062 670 2131 quae
693 2061 764 2110 eam
786 2039 944 2130 attingere
967 2039 1126 2109 ridentur.

444 2165 526 2236 Nota
550 2165 636 2236 euim
658 2187 756 2257 quam
779 2165 960 2236 Aristonico
983 2163 1188 2235 tribuendam
1212 2163 1342 2254 putari,
1367 2162 1450 2231 hisce

400 2289 508 2361 verbis
531 2290 662 2359 finitur:

401 2418 593 2505 σημειωτέον
629 2417 664 2486 δὲ
699 2421 750 2486 ὅτι
783 2421 903 2505 μεταξε)
936 2424 992 2486 τοῦ
1023 2421 1149 2506 τείχους
1172 2421 1227 2485 καί
1250 2424 1307 2501 τῆς
1330 2423 1450 2502 σάφρσο

401 2545 563 2632 διάστημα
585 2543 776 2612 ἀπελείπετο
801 2550 885 2613 κατὰ
909 2548 970 2628 τὴν
994 2547 1194 2614 conceaatur
1216 2549 1271 2628 τῆς
1287 2543 1448 2620 νεολαίας.

443 2667 518 2736 Fuit
556 2688 659 2758 quum
697 2667 810 2758 pingui
847 2669 984 2740 Minerva
1022 2681 1172 2762 putarem
1210 2690 1247 2739 ea
1283 2669 1379 2740 verba
1414 2687 1450 2738 en

400 2791 598 2874 Aristonico,
637 2791 747 2882 itaque
782 2815 819 2862 ex
849 2794 1036 2864 Aristarcho
1058 2795 1175 2864 hausta
1198 2795 1317 2878 fuisse,
1343 2793 1450 2866 deinde

400 2937 476 2988 vero
506 2955 549 2968 -
581 2924 618 2988 ui
640 2921 786 3011 δεύτεραί
809 2951 876 3003 πως
900 2926 1068 3012 φροντίδες
1091 2930 1270 3014 σοφώτεραι
1295 2934 1340 2974 ’-
1363 2923 1450 2991 intel·

401 3042 463 3112 lcxi
486 3063 521 3112 ea
545 3045 764 3134 grammaticis
788 3047 850 3115 illis
873 3068 945 3118 esse
969 3048 1189 3119 abiudicanda.
1235 3047 1319 3117 Illud
1341 3051 1454 3138 nempe

403 3173 593 3261 σημειωτέον
624 3169 675 3240 hic
703 3181 754 3240 est
776 3171 900 3262 vulgari
924 3194 1023 3243 sensu
1049 3174 1130 3243 ‹thoc
1154 3173 1283 3243 attende
1306 3173 1357 3241 rel
1378 3171 1408 3239 h.
1430 3169 1449 3236 l.

403 3297 622 3379 notandum»,
648 3307 686 3365 ut
709 3297 890 3367 docuerunt
913 3298 1097 3370 Dindorfius
1120 3299 1153 3369 in
1176 3299 1276 3369 Praei.
1297 3291 1450 3367 advehi

404 3443 436 3513 p.
462 3420 504 3491 AO
527 3431 558 3491 et
584 3421 735 3492 Lohrsius
758 3445 791 3513 p.
814 3423 868 3491 rh.

448 3544 538 3616 Patet
572 3567 610 3617 ex
645 3547 774 3617 scholiis
810 3549 850 3616 ad
885 3547 920 3615 M
938 3546 1003 3616 258
1022 3569 1060 3617 ac
1080 3547 1189 3629 Σ68,
1216 3547 1335 3637 quihus
1359 3561 1451 3636 supra

365 3650 367 3654 ¹
404 3692 476 3762 pag.
501 3670 539 3739 m
556 3670 642 3741 ethi
666 3672 717 3741 usi
751 3694 882 3754 snmus,
919 3672 1068 3743 Nicanori
1102 3672 1353 3765 disputationem
1387 3669 1451 3739 Ari-

404 3797 583 3866 starcheam
629 3798 668 3867 de
713 3797 879 3868 naualibus
925 3819 991 3868 non
1030 3799 1130 3869 fuisse
1164 3797 1322 3888 ignotam,
1358 3814 1451 3886 quare

403 3921 594 4013 priusquam
628 3943 777 4014 pergam,
814 3934 915 3993 totam
950 3923 1116 3994 Nicanoris
1155 3923 1196 3993 ad
1221 3921 1325 3991 0213
1347 3932 1450 3991 notam

405 4049 595 4118 exscribam.-
628 4050 713 4120 Haec
735 4049 821 4119 enim
843 4061 910 4120 est:

407 4183 509 4266 βραχύ
524 4178 737 4248 διασταίτέον
761 4184 815 4248 ἐπί
831 4185 866 4248 τὸ
883 4184 982 4268 νηῶν.
998 4179 1196 4267 σαφεστέραν
1213 4183 1274 4266 γὰρ
1290 4179 1449 4258 ποιεῖτὴν
