3196 5292
888 672 931 740 36

375 888 483 958 medio
518 898 550 957 et
583 897 769 978 postremo,
794 886 928 977 perinde
951 907 989 955 ao
1013 886 1040 954 si
1065 886 1212 956 ordinem
1236 886 1442 976 1113111111-

376 1013 504 1104 plicem.

420 1137 513 1207 Unde
547 1137 672 1228 Hesper
694 1137 856 1218 hauserit,
882 1136 1110 1206 doctissimum
1132 1136 1330 1206 Ulrichsium
1354 1139 1441 1208 ordi-

374 1285 433 1332 nes
458 1262 637 1353 sumpsisse
661 1261 821 1351 quinque‚
848 1259 942 1330 ouius
962 1260 1009 1329 rei
1029 1261 1436 1351 supraiaetaestmentio,

351 1387 518 1479 reperire
540 1408 607 1456 non
630 1385 733 1478 potui.
780 1385 816 1454 ln
839 1385 968 1455 Musaeo
992 1385 1145 1454 Rhenano
1171 1387 1286 1455 saltem
1298 1387 1437 1469 v01.111‚

374 1535 407 1604 p.
438 1511 504 1581 608
535 1511 610 1581 anni
639 1509 742 1592 1815,
775 1510 833 1578 ubi
856 1509 1035 1578 Uiriehsius
1060 1510 1237 1601 disputarit
1261 1512 1303 1580 de
1325 1512 1438 1582 Troiae

375 1636 458 1716 situ,
482 1656 523 1703 ne
547 1634 646 1703 verbo
672 1633 803 1723 quidem
827 1655 984 1703 uumerus
1012 1647 1298 1706 commemoratur.

419 1758 563 1848 Denique
578 1758 661 1826 duos
678 1759 829 1848 pluresve
841 1759 941 1828 fuisse
953 1759 1083 1829 ordines
1096 1762 1272 1852 opinantur
1285 1763 1437 1854 Terpstra

373 1886 408 1954 in
430 1883 514 1952 libro
539 1882 596 1973 qui
618 1882 807 1952 inscribitur
817 1883 1002 1974 Antiquitas
1014 1884 1185 1956 Homerica
1207 1910 1239 1978 p.
1253 1887 1319 1956 811
1340 1900 1437 1978 atque

374 2007 513 2098 Hopfius
548 2007 581 2075 in
611 2005 722 2096 Progr.
761 2006 910 2099 Gymnas.
935 2009 1041 2078 Ueber
1065 2011 1122 2078 das
1146 2011 1368 2100 Kriegswosen
1393 2013 1436 2081 im

374 2133 608 2202 Homerisehen
638 2131 788 2201 Zeitalter
816 2132 898 2201 nach
929 2132 1067 2215 Homer,
1101 2134 1194 2203 euius
1225 2136 1331 2226 prima
1362 2158 1435 2228 pars

374 2257 497 2350 prodiit
531 2255 634 2338 1817,
672 2257 814 2326 secunda
850 2278 934 2326 anno
965 2258 1098 2327 demum
1121 2257 1219 2327 1858.
1252 2260 1297 2328 De
1322 2259 1436 2330 ceteris

375 2403 469 2464 vero,
494 2381 752 2471 quamquamvir
769 2382 886 2451 doetus
913 2391 995 2452 teste
1019 2384 1260 2475 subscriptione
1283 2387 1316 2456 in
1339 2386 1437 2456 huius

374 2506 476 2598 partis
511 2505 576 2573 fine
606 2504 714 2596 posita
738 2506 935 2596 pollicetur,
966 2528 1036 2576 rem
1059 2507 1242 2578 institutam
1267 2531 1302 2579 se
1336 2533 1436 2600 porro

290 2675 294 2686 ·
376 2640 595 2700 tractaturum
642 2650 713 2699 esse
749 2640 847 2721 atque
882 2631 1129 2714 absoluturum,
1177 2635 1329 2724 equidem
1365 2636 1438 2704 reli·

376 2777 439 2846 qua
485 2754 539 2822 illa
584 2762 677 2844 parte
722 2753 822 2843 potiri
854 2775 922 2822 non
956 2755 1061 2843 potui.
1118 2755 1211 2836 Quod
1254 2767 1363 2826 tamen
1397 2759 1437 2827 ad

373 2899 487 2952 meam,
512 2876 774 2966 disquisitionem
805 2897 872 2948 uon
894 2878 1038 2947 multum
1062 2880 1178 2960 refert,
1205 2879 1306 2970 quum
1331 2883 1437 2972 Hopsri

374 3002 487 3071 eadem
512 3002 552 3071 de
576 3022 611 3082 re
636 3022 735 3091 quam
758 3023 845 3070 nuno
869 3011 1046 3072 tractamus
1060 3003 1331 3094 disceptationem
1345 3027 1437 3097 repe·

374 3127 437 3196 ries
463 3127 497 3195 in
519 3126 613 3195 Parte
638 3125 664 3193 ll
687 3148 719 3216 p.
747 3125 800 3194 18.
929 3173 930 3176 =
1012 3193 1020 3206 ,

418 3250 462 3318 Ut
484 3250 548 3319 vim
571 3250 860 3338 argumentationis
884 3272 925 3319 ne
947 3251 1079 3321 minime
1103 3254 1235 3343 quidem
1249 3255 1434 3345 infringam,

374 3373 628 3463 disputationem
651 3374 719 3442 eius
744 3395 810 3443 non
834 3385 957 3444 vertam
971 3376 1091 3446 Latine.
1115 3379 1203 3458 Quae
1215 3380 1262 3449 sie
1274 3381 1433 3452 sehabet:

421 3498 583 3568 rNehmen
608 3498 746 3580 wiron,
773 3500 847 3567 dass
872 3499 923 3568 die
946 3499 1033 3569 1186
1058 3502 1172 3572 Sohiffe
1193 3502 1225 3571 in
1238 3503 1326 3573 einer
1338 3505 1434 3573 Reihe
1470 3503 1473 3508 ’

371 3624 405 3691 in
440 3623 529 3690 einer
561 3623 620 3692 Art
650 3644 714 3692 von
736 3623 906 3693 Halbkreis
930 3647 1055 3707 waren,
1081 3649 1118 3696 so
1144 3626 1270 3697 seheint
1292 3629 1355 3697 mir
1377 3630 1435 3699 der

374 3746 478 3814 Ranm
509 3747 563 3814 fiir
586 3767 623 3815 so
648 3747 727 3816 viele
750 3747 866 3847 Sohitie
889 3749 957 3818 und
980 3751 1221 3822 Mannsehaiten
1245 3753 1334 3822 nieht
1358 3775 1433 3822 aus-

374 3871 526 3939 reiohend
551 3892 697 3959 gewesen
721 3895 761 3940 zu
786 3873 868 3955 sein;
892 3874 1032 3944 nehmeu
1054 3877 1114 3946 wir
1133 3878 1344 3967 dagegenan‚
1359 3880 1434 3948 dass

375 3997 426 4066 die
458 3997 572 4066 Schiiie
603 3997 636 4066 in
660 3998 738 4067 zwei
762 3998 841 4067 oder
863 3997 1023 4068 vielleioht
1045 4000 1078 4069 in
1102 4002 1272 4071 mehreren
1295 4002 1433 4082 Reihen,

373 4123 406 4210 je
430 4121 513 4191 nach
538 4123 595 4190 der
617 4122 738 4192 dnzahl
761 4124 819 4194 der
841 4123 956 4194 Solriffe
979 4124 1066 4195 eines
1079 4127 1235 4207 Fiihrers,
1250 4127 1436 4214 arrigestellt
