3162 5294
890 693 933 763 82

379 909 573 980 adiectirum
606 920 717 992 σκαιός
753 930 819 979 non
853 909 1007 982 hahuisse
1039 931 1101 1001 pro
1136 910 1272 980 nomine
1296 909 1449 1000 proprio.

380 1035 511 1125 Legitur
536 1036 621 1106 enim
644 1036 689 1106 ibi
711 1042 913 1124 ὀνοματικῶς
940 1043 997 1119 τὰς
1021 1048 1153 1116 Σκαιάς
1178 1057 1196 1105 a
1220 1045 1317 1127 poeta
1342 1035 1449 1104 dietas

381 1159 481 1231 fuisse
504 1167 706 1253 Δαρδανίας.
741 1163 960 1233 Abiudicanda
984 1163 1086 1254 igitur
1104 1162 1291 1232 Aristarcho
1303 1173 1449 1252 utraque

381 1283 581 1368 observatio,
607 1287 664 1357 ubi
686 1287 792 1358 variae
816 1289 856 1358 de
874 1300 969 1380 porta
990 1290 1086 1360 Scaea
1107 1289 1284 1360 sententiae
1295 1289 1329 1358 in
1340 1309 1449 1358 unum

382 1420 566 1481 contractae
590 1411 691 1484 tuisse
714 1412 874 1484 uidentur.

425 1537 557 1607 Ceterae
595 1550 705 1608 tamen
741 1561 821 1630 quas
858 1541 1006 1632 excerpsi
1037 1551 1132 1610 notae
1160 1543 1298 1610 sormam
1322 1541 1448 1612 hahent

383 1684 449 1754 qua
470 1662 643 1734 Aristonici
666 1665 892 1736 annotationes
904 1666 1037 1756 agnosci
1049 1667 1172 1748 solent,
1186 1676 1322 1758 excepto
1338 1677 1451 1736 tamen

383 1787 507 1856 scholio
531 1788 639 1859 tertio.

427 1913 471 1982 De
507 1924 619 1984 octava
652 1915 879 1986 obseruatione
910 1917 985 1986 lioet
1009 1917 1158 1988 conicere
1184 1919 1239 2008 (os.
1265 1938 1348 2009 quae
1371 1917 1451 1986 Din-

384 2041 511 2111 dorfius
557 2041 591 2111 in
636 2041 837 2113 Praefatione
878 2044 918 2114 ad
953 2044 1061 2113 Votl
1097 2042 1228 2135 scripsit
1262 2063 1449 2134 eorumque

383 2165 542 2256 imprimis
578 2187 662 2258 quae
696 2167 824 2238 laudavi
858 2167 891 2238 in
921 2169 1194 2260 introductione),
1218 2170 1343 2240 sontem
1366 2171 1450 2240 haec

384 2290 592 2382 praebuisse:
1124 2273 1126 2278 ¹

384 2430 405 2506 η’
440 2422 538 2505 διπλῆ
569 2425 647 2507 πρὸς
672 2427 729 2498 τὰς
752 2428 899 2501 Σκαιάς,
925 2425 976 2492 ὃτι
1001 2429 1036 2494 ἐν
1061 2426 1211 2514 ἀριστερᾷ
1238 2428 1292 2492 τοῦ
1318 2428 1447 2512 τοίχους

385 2550 421 2614 αἱ
443 2547 543 2614 πυλαι
569 2549 715 2629 ἔκειντο,
740 2555 776 2616 αἳ
799 2549 976 2619 ἐκαλοῦντο
1000 2552 1199 2637 nupturam.

429 2670 514 2742 Num
538 2671 639 2762 igitur
662 2672 714 2741 hic
737 2672 916 2742 subsistere
940 2673 1118 2744 debemus?
1145 2671 1292 2754 Minime,
1318 2671 1450 2741 sirecte

386 2797 501 2865 saltem
525 2795 629 2865 video.

430 2915 557 2992 Etenim
581 2921 779 2992 scholiorum
803 2924 1012 2994 laudatorum
1037 2923 1215 2992 similitudo
1240 2943 1278 2992 eo
1301 2921 1393 2991 ducit
1412 2932 1451 2990 ut

387 3068 425 3116 ex
452 3048 567 3117 eodem
590 3047 673 3116 libro
698 3069 735 3117 ea
758 3049 858 3140 petita
883 3049 985 3119 fuisse
1009 3059 1134 3140 putem.
1170 3048 1283 3138 ltaque
1306 3067 1371 3115 non
1396 3065 1451 3114 me
1551 3039 1552 3112 i

390 3184 482 3244 teneo
507 3173 585 3264 quin
609 3173 781 3255 coniciam,
807 3173 1030 3244 Aristarchum
1054 3173 1100 3242 sic
1124 3174 1191 3242 iere
1216 3170 1405 3261 scripsisse:

435 3298 541 3378 «Quae
572 3298 601 3366 B
635 3296 699 3366 809
723 3302 768 3368 'et
790 3299 911 3390 passim
936 3300 1092 3388 leguntur
1114 3304 1255 3387 ἔμφασιν
1279 3302 1344 3389 ἔχει
1369 3300 1450 3368 παλ·
1551 3305 1552 3334 ³

390 3427 456 3496 λῶν
492 3426 617 3503 πυλῶν,
651 3431 709 3510 μία
741 3427 777 3493 δέ
809 3431 874 3495 ἐστι
899 3432 953 3495 καί
979 3427 1216 3515 πληθυντικῶς
1241 3423 1309 3493 εἷπε
1333 3423 1449 3494 πιίλαι.
1551 3426 1552 3506 J

389 3557 424 3620 τό
460 3554 494 3619 δὲ
526 3561 627 3619 πᾶσαν
658 3555 732 3621 οἱντί
765 3562 820 3621 τοῦ
844 3555 918 3620 ὃλαι
943 3559 986 3630 ὠς
1011 3554 1124 3640 „tergi
1150 3555 1184 3620 δὲ
1209 3558 1322 3619 πάντα
1346 3550 1449 3618 νέκυν

389 3673 606 3745 καταοίνυον”
632 3675 681 3759 (Ψ
705 3673 794 3764 135).
831 3683 866 3747 ίν
889 3682 1040 3768 ἀριστερᾷ
1064 3685 1120 3746 τοῦ
1145 3681 1270 3765 τείχους
1295 3676 1445 3743 αίπιίλαι

388 3805 530 3880 ἔκειντο,
554 3807 592 3879 ἃς
616 3804 816 3888 ὀνοματικῶς
842 3807 1031 3891 Δαρδανίας
1052 3805 1150 3888 λέγει.
1182 3808 1309 3890 Σκαιαὶ
1332 3803 1444 3870 δὲκαὶ

390 3929 572 4014 Δαρδάνιαι
598 3930 633 3993 αἱ
655 3928 765 3995 αὐταί·
793 3935 954 4016 φησίννιίρ

521 4052 596 4119 οὐδὲ
620 4081 697 4120 ποτε
721 4061 828 4140 Τρῶας
852 4061 911 4142 πρὸ
935 4057 1068 4126 πυλάων
1093 4056 1311 4140 Δαρδανιάων

523 4180 689 4262 οἴχνεσκον
