3162 5294
661 686 704 755 65

152 871 264 994 acque⁸
290 901 397 972 omnia
433 922 469 971 ea
505 921 587 991 quae
620 902 654 970 in
690 902 804 971 eodem
828 898 938 971 codice
962 902 1115 990 leguntur
1139 900 1213 970 iude

152 1027 196 1096 ab
226 1032 257 1098 ri
280 1034 341 1117 γὰρ
365 1031 488 1116 εἴρηται
512 1029 573 1116 ἤδη
596 1037 651 1114 τῆς
675 1033 881 1118 τειχομαχίας
913 1048 1019 1117 usque
1042 1028 1082 1096 ad
1103 1037 1149 1119 τῷ
1175 1033 1209 1098 δὲ

152 1154 293 1234 ,λάϊνον
318 1157 468 1242 Ἀργεῖοι
494 1152 550 1221 δί’
575 1155 633 1224 κτλ
668 1162 700 1222 at
731 1152 953 1223 Aristarchum
977 1155 1093 1246 procul
1113 1154 1212 1224 dubio

151 1277 340 1348 habuerunt
364 1288 542 1350 auctorem.
1171 1358 1173 1367 Ι

201 1401 283 1482 Ouid
305 1401 406 1492 igitur
428 1402 521 1472 uobis
545 1403 584 1473 de
607 1403 668 1474 illis
693 1404 822 1475 scholiis
847 1407 1056 1476 statuendum
1081 1407 1152 1476 esti
1214 1439 1215 1444 ¹

201 1529 269 1598 Nisi
302 1531 403 1600 codex
433 1530 558 1598 houm
581 1529 691 1600 addito
716 1551 871 1600 versuum
895 1553 1031 1601 numero
1056 1541 1127 1601 cum
1150 1531 1214 1601 ioci

156 1652 261 1744 spurii
295 1653 359 1724 fine
392 1653 549 1744 initioque
584 1654 733 1724 iudicaris
768 1657 927 1726 atheresin
962 1668 1027 1726 tam
1063 1668 1215 1728 accurate
1285 1689 1286 1694 ¹

154 1788 304 1861 notaret,
342 1789 380 1848 ut
409 1778 487 1848 nihil
517 1779 607 1848 dubii
636 1780 891 1870 relinqueretur,
927 1783 1059 1852 credere
1082 1804 1214 1873 possem

156 1905 259 1974 schol.
287 1906 323 1970 Α
348 1914 381 1973 et
405 1910 439 1969 B
461 1904 502 1994 ad
524 1915 568 1976 M
590 1903 655 1974 175
680 1905 809 1975 easdem
833 1906 933 1976 fuisse
956 1906 1211 1990 ohservationes

155 2030 244 2100 varia
285 2031 409 2100 ratione
444 2050 481 2099 ex
518 2031 632 2100 eodem
665 2030 749 2100 libro
785 2042 962 2122 excerptas.
1009 2032 1102 2101 Nunc
1137 2053 1213 2103 vero

157 2157 308 2249 suspicor
331 2156 406 2250 quia
432 2157 538 2226 «haud
561 2178 666 2248 pauca
689 2177 727 2226 ex
751 2157 821 2226 cod.
846 2157 872 2225 A
895 2156 1063 2247 paullatim
1086 2157 1120 2225 io
1140 2156 1215 2226 reii-

158 2305 243 2376 ques
272 2283 364 2354 codd.
389 2284 559 2364 translata,
584 2281 649 2351 imo
675 2283 832 2372 quaedam
859 2281 891 2351 iu
915 2282 977 2351 hoc
1002 2281 1111 2351 codice
1136 2282 1214 2352 defi-

158 2408 275 2479 cientia
303 2407 398 2478 hodie
420 2407 454 2477 iu
476 2407 717 2508 aliisexsranu
746 2406 914 2498 (Lehrsius
938 2429 971 2499 p.
994 2406 1062 2497 34),
1087 2408 1212 2478 sontem

157 2535 245 2605 unde
267 2533 380 2604 Veneti
403 2534 478 2598 AB
502 2533 623 2604 scholia
642 2533 687 2602 ad
712 2531 748 2602 M
769 2531 1213 2623 175puierunr‚au100um

157 2660 327 2731 laudatum
344 2661 439 2729 .duas
471 2659 555 2728 inter
586 2679 620 2726 se
651 2657 794 2728 diversas
825 2656 1001 2727 Aristarchi
1025 2658 1214 2749 praebuisse

158 2797 269 2868 notas,
306 2807 445 2878 quarum
479 2785 579 2854 altera
606 2783 639 2851 iu
661 2783 821 2853 Venatum
846 2785 899 2866 Α,
925 2785 1025 2854 altera
1049 2794 1159 2854 autem
1181 2784 1214 2854 iu

159 2911 303 2984 codicem
328 2917 361 2976 B
384 2920 513 3000 recepta
538 2909 589 2979 sit:
624 2907 717 2990 Quod
730 2908 898 2991 siveram,
912 2909 1040 2979 initium
1055 2909 1215 2979 scholiiB

158 3057 197 3106 ex
228 3035 447 3130 disputatione
478 3035 518 3104 de
547 3034 713 3105 navalibus
742 3034 898 3106 haustum
925 3036 1027 3106 fuisse
1050 3046 1216 3127 potestat

160 3162 292 3252 quidem
315 3183 352 3232 ex
376 3182 412 3231 ea
435 3171 542 3251 parte,
566 3161 621 3230 ubi
638 3159 835 3230 Graecorum
851 3171 955 3231 castra
972 3183 1069 3231 unam
1087 3172 1213 3231 tantum

158 3286 310 3356 habuisse
333 3297 479 3377 portam,
504 3285 689 3357 Aristarcho
713 3296 783 3356 erat
807 3287 1106 3358 demonstrandum.

653 3519 669 3610 ᾗ
692 3517 723 3589 6.

597 3697 644 3768 De
667 3697 778 3800 Fossa.

205 3913 314 4004 Longe
344 3909 437 3982 abest
466 3923 503 3982 ut
534 3912 648 3983 messis
676 3911 874 3984 scholiorum
898 3912 995 3981 huius
1020 3910 1212 4001 paragraphi

160 4041 268 4113 vocari
289 4043 394 4132 possit
416 4039 533 4131 opima.
565 4039 647 4109 Ecce
673 4060 784 4110 omnes
808 4040 935 4108 fructus
951 4058 1034 4128 quos
1047 4036 1214 4128 percipere

161 4166 271 4260 potui:
296 4169 369 4232 AB
394 4164 628 4236 accareu
652 4167 688 4232 Α
712 4166 751 4235 ad
775 4165 811 4232 M
831 4163 883 4234 66.
963 4185 966 4188 ·
1104 4266 1125 4336 5
