3196 5292
866 676 910 746 ta

357 895 509 972 Αἴαντος
530 902 548 964 o'
570 891 754 980 Ἰδομενεύς
778 893 1027 980 {ueremi-ndum,
1051 911 1135 982 quae
1148 893 1246 962 statio
1259 913 1298 962 ex
1312 901 1352 960 K
1365 894 1451 964 112

358 1037 492 1108 quoque
516 1016 673 1098 officitur,
698 1015 754 1084 ubi
777 1014 952 1105 utriusque
979 1035 1076 1086 naves
1101 1015 1256 1084 dicuntur
1281 1017 1452 1086 abfuisse

359 1143 550 1233 longissime
572 1161 679 1232 neque
702 1140 794 1210 valde
817 1161 931 1231 prope.
977 1139 1096 1221 Porro,
1121 1149 1159 1208 ut
1180 1140 1276 1210 docet
1290 1145 1325 1204 Γ
1341 1139 1450 1222 230,

359 1266 569 1336 idomeneum
592 1276 691 1356 atque
714 1265 843 1334 Aiacem
868 1265 1046 1335 Telamonii
1060 1265 1165 1334 filium
1181 1265 1305 1336 vicinos
1323 1267 1449 1364 fuisse

360 1400 415 1463 ιιαί
435 1400 519 1463 κατὰ
538 1401 597 1480 τὴν
618 1394 823 1482 ίπιπόιλησιν
837 1397 1019 1480 σιίμφωνον.
1067 1389 1190 1481 Nempe
1213 1389 1327 1460 relicto
1351 1390 1449 1460 Ido-

362 1540 478 1588 meneo
502 1519 611 1588 statim
632 1517 672 1586 ad
688 1517 817 1586 Aiacem
830 1515 976 1607 pervenit
988 1515 1219 1603 Agamemnon,
1233 1525 1271 1582 ut
1286 1525 1443 1605 apparet

360 1666 398 1715 ex
421 1651 452 1711 A
475 1643 536 1712 261
564 1653 597 1712 et
618 1640 695 1710 273.
741 1643 962 1730 παραιτητέον
985 1647 1051 1729 ἄρα
1075 1645 1201 1710 ἐκεῖνον
1226 1645 1284 1710 τόν
1311 1643 1442 1730 στίχον

359 1778 417 1842 τόν
441 1776 476 1840 ίν
500 1778 545 1858 τῷ
571 1770 742 1856 καταλόγῳ
765 1773 827 1836 ὑπό
853 1795 954 1838 τινων
978 1770 1184 1854 γραφόμενον

402 1902 494 1978 στῆσε
518 1894 548 1962 θ’
571 1901 664 1976 ἄγων
687 1893 734 1962 ί’ν’
757 1891 959 1980 Ἀθηναίων
982 1897 1119 1961 ἵσταντο
1143 1890 1334 1976 φάλαγγες,

359 2019 396 2088 οὐ
420 2023 481 2107 γόρ
505 2017 587 2105 ἦσαν
611 2020 750 2103 πλησίον
773 2020 926 2095 Α’ίαντος
950 2015 1170 2105 Ἀθηναῖοι.ο

405 2150 449 2209 Μ
481 2140 546 2210 tao
581 2141 677 2210 Asius
713 2140 747 2209 in
780 2151 910 2230 portam
934 2139 1062 2208 irruens
1086 2139 1170 2208 duos
1193 2136 1281 2205 viros
1305 2135 1439 2205 invenit

362 2265 559 2336 fortissimos

448 2394 523 2474 υἷας
567 2395 773 2480 ὑπερθύμους
797 2395 989 2460 Λαπιθάων
1014 2395 1224 2477 αἰχμητάων,

449 2524 508 2590 τόν
529 2523 589 2605 μὲν
612 2523 797 2606 Πειριθόου
820 2514 897 2596 via,
925 2519 1079 2602 κρατερόν
1103 2512 1340 2598 Πολυποίτην,

448 2645 505 2712 τόν
529 2645 564 2711 δὲ
588 2651 739 2728 Λεοντῆα
764 2644 964 2732 βροτολοιγῷ
988 2639 1060 2712 ἶσον
1085 2641 1205 2729 ”Λρηι.

364 2765 412 2834 Ad
436 2786 511 2834 eum
536 2765 646 2833 locum
671 2765 744 2833 eod.
766 2764 792 2832 V
816 2765 894 2834 baeo
918 2764 1026 2834 affert:

359 2892 574 2980 Ἀρίσταρχος
599 2895 633 2958 ἐκ
659 2896 781 2959 τοιίτων
817 2897 914 2978 φησίν
938 2895 989 2959 ὅτι
1014 2896 1171 2960 Λαπίθαι
1194 2898 1275 2976 μετὰ
1300 2893 1429 2975 Ἰόομε·

361 3021 424 3096 νῆα
449 3015 718 3098 νινεωλκήκασιν,

363 3158 446 3229 quae
476 3147 554 3207 nota
584 3159 658 3206 oum
692 3137 807 3206 ueteris
845 3159 926 3228 quas
961 3161 979 3208 e
1014 3139 1235 3231 disputatione
1269 3141 1309 3210 de
1332 3161 1431 3208 nuva-

363 3262 449 3331 libus
473 3263 606 3334 haustas
630 3260 731 3331 fuisse
754 3273 961 3355 compertum
984 3264 1160 3348 habemus,
1189 3265 1328 3334 maxime
1351 3286 1431 3334 eon-

365 3386 469 3478 gruit,
490 3399 528 3458 ut
547 3409 613 3457 non
632 3387 748 3458 iniuria
769 3387 894 3478 opinari
914 3409 1012 3479 posse
1031 3389 1198 3459 videamur
1210 3373 1280 3459 eam
1294 3409 1430 3479 quoque

364 3512 442 3582 illuc
464 3534 536 3582 esse
561 3513 834 3595 transferendam,
860 3524 892 3583 et
915 3515 1127 3604 probabiliter
1151 3509 1281 3605 quidem
1306 3514 1338 3584 in
1358 3535 1430 3583 eam

363 3648 508 3728 partem,
533 3637 590 3712 ubi
613 3638 745 3708 criticus
768 3639 1003 3710 Alexandrinus
1027 3641 1093 3730 egit
1117 3642 1156 3710 de
1178 3640 1317 3710 statione
1330 3661 1430 3729 quam
1474 3676 1476 3681 ·

362 3759 502 3830 habebat
525 3760 729 3831 Idomeneus.
765 3763 877 3852 Neque
897 3763 1016 3833 rationi
1031 3765 1204 3835 adversum
1218 3765 1431 3835 essevidetur

365 3883 537 3974 suspicari,
569 3884 745 3954 Aristarchi
776 3873 1092 3976 argumentationem
1115 3891 1199 3962 hane
1221 3891 1288 3960 fere
1310 3888 1428 3958 fuisse:

412 4010 526 4080 «Asius
538 4016 646 4082 τίσατο
660 4019 748 4102 νηῶν
762 4014 814 4085 ἐπ’
825 4018 978 4103 οἰριστερά
994 4014 1051 4104 (Μ
1065 4012 1154 4104 1¹18),
1169 4013 1226 4082 ubi
1239 4023 1309 4082 erat
1321 4022 1428 4104 porta.

345 4221 347 4226 Ι
366 4134 401 4203 In
419 4135 554 4204 sinistro
567 4156 669 4204 cornu
684 4136 790 4205 stabat
804 4158 936 4227 quoque
948 4137 1152 4206 idomeneus.
1178 4136 1276 4227 Atqui
1288 4135 1427 4215 ibidem,
