3162 5294
639 685 700 754 101

144 911 243 968 notae
266 900 306 968 ad
329 898 410 966 illud
434 919 537 967 cornu
560 899 674 968 referri
694 899 823 970 debent.
857 899 942 968 Nihil
953 900 1038 969 enim
1051 920 1205 992 prorem,

144 1034 280 1115 excepta
310 1024 399 1094 breui
433 1024 660 1093 obseruatione
683 1023 723 1091 de
746 1022 876 1093 Achillis
900 1025 974 1092 loco
997 1023 1030 1092 in
1055 1024 1156 1093 schol.
1181 1024 1208 1092 t

144 1149 185 1217 ad
210 1155 243 1214 Λ
264 1147 301 1230 6,
328 1148 470 1237 reperire
493 1148 588 1239 potui
612 1147 651 1216 de
676 1168 778 1216 cornu
804 1147 929 1217 dextro.
1184 1149 1185 1152 ’

188 1277 323 1346 Frustra
347 1275 498 1367 equidem
521 1284 714 1364 argumenta
733 1273 892 1365 quaesivi,
914 1293 952 1371 en
967 1243 1086 1364 quibus
1100 1274 1207 1364 colligi

143 1411 274 1490 posset,
299 1399 428 1468 cuinam
453 1398 738 1469 commentationis
756 1398 842 1490 parti
854 1420 891 1468 33
905 1421 987 1489 quae
1000 1401 1015 1489 ἓ
1029 1399 1048 1467 8
1062 1400 1101 1468 de
1114 1401 1208 1468 scho-

143 1524 196 1594 liis
231 1527 275 1616 ad
299 1533 326 1592 0
349 1524 414 1594 385
453 1524 620 1616 perhibui,
661 1524 827 1614 assignare
867 1523 1053 1592 debeamus.
1100 1523 1207 1603 Quum

144 1659 255 1717 autem
290 1650 433 1739 pugnam
469 1648 510 1718 ad
545 1670 643 1719 naves
668 1649 869 1731 describant,
895 1670 931 1718 33
954 1660 1032 1740 post
1054 1651 1144 1719 locos
1169 1650 1207 1720 de

143 1772 275 1841 navium
300 1772 439 1842 statione
462 1772 615 1842 inseram.

191 1897 307 1966 Utrum
332 1898 454 1988 passim
478 1895 721 1968 observationes
747 1921 823 1968 suas
844 1900 883 1969 de
904 1900 998 1969 Troia
1019 1913 1208 1992 atqueagro

144 2023 284 2092 Troiano
315 2023 550 2114 interposuerit
576 2023 802 2106 Aristarchus,
827 2044 867 2092 an
890 2044 967 2093 vero
994 2025 1100 2093 omnia
1126 2047 1209 2114 quac

143 2148 209 2217 huc
239 2149 440 2240 pertinerent
471 2149 626 2238 singulari
650 2147 879 2238 disputationis
902 2157 995 2239 parte
1019 2149 1208 2238 complexus

144 2274 205 2356 sit,
235 2273 298 2343 hoc
322 2273 466 2356 efficere,
492 2284 529 2342 ut
554 2295 652 2364 supra
677 2273 740 2341 iam
765 2272 845 2354 dixi,
871 2272 950 2341 mihi
972 2293 1039 2341 non
1062 2272 1207 2362 contigit.

189 2397 296 2468 Satius
332 2398 432 2488 igitur
467 2397 543 2466 duxi
578 2420 595 2468 a
631 2397 827 2492 coniecturis
862 2397 1024 2466 abstinere
1053 2409 1151 2487 atque
1174 2397 1208 2464 in

142 2515 209 2594 tine
230 2545 353 2615 ponere
375 2545 460 2616 quac
483 2525 516 2614 ξς
540 2523 561 2592 9
585 2534 617 2592 et
641 2522 684 2592 td
708 2522 747 2590 de
772 2521 885 2591 Troiae
907 2521 1028 2612 portis,
1054 2521 1093 2589 de
1117 2522 1206 2608 sago,

143 2650 184 2719 de
208 2648 245 2717 lli
268 2649 435 2739 sepulcro,
460 2649 499 2717 de
522 2646 618 2717 variis
641 2645 835 2715 lectionibus
859 2645 900 2714 ad
923 2651 953 2708 Z
974 2644 996 2712 lt
1018 2644 1084 2712 huc
1106 2643 1206 2734 perti-

142 2794 222 2842 nere
245 2772 324 2841 mihi
346 2772 509 2842 ridentur.
906 2850 908 2855 ¹

188 2897 313 2978 Quibus
337 2896 489 2966 omnibus
509 2896 690 2965 rationibus
712 2895 847 2976 ductus,
869 2893 1020 2984 suspicor
1031 2893 1207 2962 Aristarchi

143 3021 184 3090 de
208 3020 376 3090 navalibus
396 3019 722 3103 commentationem,
743 3042 842 3112 quam
857 3019 1078 3111 inintegrum,
1098 3021 1207 3112 quoad

142 3145 215 3214 eius
238 3145 335 3235 potui
357 3145 478 3227 lacere,
504 3145 677 3215 restituere
702 3146 838 3228 tentavi,
864 3168 900 3216 ea
921 3149 987 3217 lere
1002 3147 1205 3238 praebuisse,

143 3290 229 3361 quae
253 3290 329 3339 mox
352 3270 543 3339 exscribam.
715 3355 717 3360 ,
975 3263 979 3270 ’

141 3395 290 3484 Denique
314 3395 376 3464 hoc
400 3405 526 3498 tantum
551 3397 721 3468 addamus.

189 3519 278 3600 Quae
309 3521 440 3612 quidem
471 3543 548 3591 mox
574 3522 684 3592 Latine
708 3522 828 3613 scripta
852 3522 974 3593 videbis
997 3544 1056 3615 per
1081 3523 1207 3592 coniec-
1257 3505 1262 3522 ²

143 3657 255 3714 turam
278 3643 441 3727 interieci,
466 3657 503 3715 ut
527 3647 634 3715 omnia
659 3647 887 3738 disputationis
900 3648 1046 3738 perditae
1058 3647 1205 3736 vestigia,

143 3781 231 3860 quot
253 3789 368 3840 eruere
391 3769 470 3845 mihi
486 3771 636 3860 contigit,
656 3782 723 3840 tam
739 3771 973 3840 sententiarum
987 3791 1084 3861 quam
1097 3790 1207 3838 rerum

143 3904 301 3964 contextu
324 3895 410 3964 inter
433 3915 467 3964 se
487 3917 647 3979 connexa,
668 3919 771 3966 unum
791 3895 884 3987 quasi
898 3895 1206 3987 eorpusefficerent.

142 4019 234 4100 Quae
257 4039 335 4087 vcro
358 4018 478 4088 Graece
503 4019 688 4110 conscripta
711 4019 869 4102 invenies,
891 4007 994 4110 ipsius
1006 4018 1095 4108 quod
1108 4018 1207 4086 seiam

144 4141 327 4218 Aristarchi
359 4155 437 4216 sunt
467 4145 579 4229 verba,
612 4164 696 4240 quae
721 4144 868 4216 mutandi
891 4144 980 4215 nulla
1002 4164 1055 4216 me
1076 4140 1206 4216 incessit
