3162 5294
688 645 753 716 103

265 865 370 946 πάντῃ
395 862 456 948 γάρ
480 865 559 946 περί1
576 869 680 948 τεῖχος
703 863 815 948 ὀρώρει
841 864 1019 941 θεσπιδαὲς
1042 873 1104 950 πῦρ

265 985 390 1054 λάινον.
414 984 566 1072 Ἀργεῖοι
592 986 625 1052 δὲ
650 987 705 1052 καί
729 989 906 1075 οίχνιίμενοί
929 1014 988 1071 περ
1011 990 1139 1076 ἀνάγκη

265 1118 350 1196 νηῶν
373 1115 547 1196 ἠμύνοντο.
571 1115 642 1178 θεοί
669 1108 698 1178 δ’
722 1110 900 1199 οέκαχείατο
927 1117 1035 1195 θινμὸν

265 1245 401 1313 πάντες,
424 1240 493 1304 ὅσοι
518 1241 678 1304 Δαναοῖσι
702 1243 806 1322 μάχης
831 1239 1048 1322 ἐπιτάρροθοι
1072 1233 1163 1320 ἦσαν.

263 1367 320 1432 σιλν
347 1358 376 1429 δ’
401 1363 522 1452 ἔβαλον
547 1361 706 1428 Λαπίθαι
729 1361 869 1444 πόλεμον
895 1361 949 1426 καί
978 1360 1145 1446 δηιοτῆτα.

172 1493 303 1574 πρῶτον
343 1491 403 1574 μέν
444 1486 499 1552 διά
538 1490 574 1552 τὸ
613 1485 717 1562 πείλας
752 1483 857 1560 ἄλλας
902 1486 1139 1569 ὀνομάζεσθαι·
1177 1486 1237 1568 μία

173 1612 208 1679 δέ
233 1614 300 1679 ἐστι
328 1607 482 1696 [sortasse
505 1606 565 1676 ins.
589 1609 804 1696 παρῴδηνται
830 1613 864 1674 ἐκ
890 1616 945 1677 τοῦ

282 1733 380 1800 ἄλλοι
405 1731 435 1801 δ’
447 1727 526 1819 ἀμφ’
550 1731 669 1820 ἄλλῃσι
692 1740 800 1823 μάχην
825 1738 985 1823 ἐμάχοντο
1010 1731 1113 1803 νίεσσι

171 1857 275 1926 schol.
298 1858 325 1926 Α
348 1858 387 1927 ad
412 1865 457 1922 M
476 1855 556 1937 175,
583 1857 633 1924 vel
656 1856 758 1924 schol.
783 1856 809 1922 Α
833 1855 873 1924 οδ
900 1855 1018 1946 0414]
1046 1855 1234 1925 ιῖταδιὰτὸ

170 1986 355 2072 ,άργαλίον
380 1984 416 2070 δι’
438 2012 476 2072 με
501 1980 637 2062 ταῦτα”,
659 1988 713 2050 καί
726 1989 790 2068 μὴν
804 1985 920 2070 ἔφρασε
934 1987 994 2067 τὴν
1008 1985 1233 2071 τιιχόμαχίαν·

171 2107 244 2178 εἶτα
275 2115 330 2177 καί
355 2110 410 2210 διὰ
441 2113 477 2178 τὸ
502 2113 675 2176 Λαπίθαι·
699 2112 736 2176 οὐ
760 2115 821 2194 γάρ
847 2108 896 2175 δεῖ
919 2113 974 2175 καί
995 2111 1069 2184 τοιίς
1092 2108 1235 2194 πατέρας

171 2238 227 2302 καί
252 2237 325 2311 τοιίς
349 2237 438 2311 οίοδς
461 2237 626 2310 Λαπίθα,Λ
650 2233 763 2301 καλεῖν
791 2229 897 2320 (schol
920 2229 944 2298 B
972 2231 1012 2300 ad
1037 2237 1080 2296 M
1099 2229 1189 2320 175).

170 2491 224 2554 Af
246 2494 318 2570 νῆες
342 2486 454 2569 ἐφεξῆς
479 2487 652 2551 ἐτάσσοντο
679 2478 795 2568 (schol.
820 2479 847 2545 Α
870 2478 910 2547 ad
932 2475 976 2548 Σ’
1000 2476 1057 2568 68)

238 2610 311 2678 οὐδὲ
335 2614 396 2695 γὰρ
419 2607 488 2676 οὐδ’
505 2609 596 2694 εὐρείς
619 2634 678 2691 περ
703 2608 765 2676 ἐὼν
791 2607 970 2689 ἐδυνήσατο
995 2616 1100 2687 πάσας

238 2737 386 2818 αέγιαλδς
410 2743 490 2818 νῆας
514 2734 665 2824 χαδέειν,
691 2735 857 2802 στείνοντο
884 2733 918 2799 δὲ
944 2733 1032 2800 λαοί·

237 2869 281 2950 τῷ
306 2865 347 2949 ῥα
370 2866 568 2949 προκρόσσας
593 2860 708 2945 ἴρινον,

169 2983 203 3052 id
237 2993 304 3052 est:
346 2984 547 3072 κλιμακηδδν
583 2983 840 3067 νενεωλκήμεναι
876 2979 984 3068 ἕτεραι
1021 2985 1082 3063 πρὸ
1115 2981 1232 3064 ἐτίροον

171 3107 243 3196 [διὰ
267 3115 302 3178 τὸ
325 3109 455 3197 ὑψηλὸν
479 3116 536 3177 τοῦ
562 3105 691 3176 τόπουί
716 3104 806 3171 Eust.
831 3101 978 3192 965.37]
1001 3103 1081 3172 ὣστε
1099 3115 1233 3191 θεατρο-

168 3234 253 3311 ειδές
280 3237 459 3320 φαίνεσθαι
492 3239 528 3302 τὸ
561 3234 730 3303 νιὼλκιον·
764 3235 894 3320 κρόσσαι
927 3237 987 3320 γὰρ
1021 3237 1056 3298 αἱ
1079 3232 1233 3317 κλίμακες

170 3356 290 3444 (schol.
314 3358 339 3423 Α
363 3356 403 3425 ad
427 3353 527 3446 535)
554 3376 619 3426 non
651 3355 740 3446 quod
763 3366 857 3425 antea
882 3359 917 3428 ἐν
941 3365 1009 3438 τοῖς
1026 3361 1231 3446 ὑπομνήμασι

167 3479 340 3548 censebam
364 3485 400 3549 αι’
414 3485 512 3571 ἀκραλ
532 3489 597 3553 τῶν
614 3487 746 3571 πύργων
766 3481 871 3568 (Eust.
885 3480 960 3552 903.
975 3480 1019 3568 7.)
1038 3483 1084 3552 vel
1099 3487 1232 3570 κεφαλί-

166 3607 242 3686 δες,
268 3603 316 3672 vel
340 3609 451 3696 εξοχαέ
473 3604 590 3694 (schol.
613 3606 639 3672 Α
663 3606 703 3675 ad
727 3613 771 3672 M
784 3605 877 3696 258).
913 3605 1039 3676 Etenim
1061 3617 1089 3678 ιῖ
1111 3617 1153 3696 μὴ
1179 3639 1232 3680 νο-

165 3739 284 3816 ήσομεν
319 3737 453 3818 κρόσσας
484 3738 542 3809 τὰς
574 3733 756 3820 κλίμακας,
782 3738 852 3814 πῶς
874 3739 918 3803 ἄν
941 3733 1049 3813 ἄλλως
1073 3734 1230 3802 διίναιντο

165 3861 368 3946 ἀναβαίνειν
393 3862 447 3928 ἐπί
471 3861 507 3926 τὸ
530 3868 636 3949 τεῖχος
665 3858 720 3942 (Μ
736 3854 834 3946 375);

257 3989 289 4050 οἱ
305 3982 334 4048 δ’
342 3981 395 4052 ἐπ’
412 3985 563 4064 ἐπάλξεις
579 3989 702 4074 βαῖνον
721 3990 837 4071 ἐρεμνῇ
852 3982 991 4054 λαίλαπι
1008 3980 1086 4061 ἶσοι,

255 4109 389 4193 ἰ’φθιμοι
438 4111 574 4179 Λυκίων
621 4118 776 4196 ἡγήτορες
822 4109 878 4194 ἠδὲ
924 4112 1078 4196 μέδοντες
