3196 5292
671 660 715 728 43

166 876 239 946 scil.
275 875 308 943 in
342 883 451 964 porta,
488 873 583 941 Asius
606 873 835 964 Polypoiteum
861 885 892 942 οι
919 874 1073 943 Leontem
1103 874 1235 944 invenit.

169 1001 288 1090 Itaque
312 1006 343 1070 οἱ
365 1005 524 1070 Λαπίθαι
548 1004 628 1088 μετὰ
653 1001 829 1088 Ἰδομενῆα
855 1000 1145 1086 νενεωλκήκασιν.»

216 1124 366 1193 Ceterum
389 1123 527 1192 maxime
549 1125 646 1193 huius
660 1124 724 1193 loci
743 1135 792 1192 est
813 1146 848 1192 ea
862 1125 976 1193 afferre
989 1145 1071 1215 quae
1084 1126 1238 1215 leguntur

167 1247 260 1337 apud
283 1246 475 1316 Strabonem
499 1247 550 1314 lx.
575 1247 605 1315 1.
633 1247 682 1317 10.
708 1249 790 1318 Sunt
812 1249 928 1317 haece:

168 1379 229 1442 καί
254 1381 314 1444 νῦν
331 1378 392 1460 μέν
409 1376 538 1462 έχουσιν
553 1372 739 1463 Ἀθηναῖοι
757 1382 819 1459 τήν
832 1386 931 1462 νήσου
947 1376 1032 1463 (scil.
1048 1375 1235 1467 Salamina),

168 1504 209 1566 τό
232 1501 267 1568 δέ
291 1500 437 1568 παλαιὸν
461 1505 541 1586 πρὸς
572 1502 750 1586 Μεγαρέας
773 1503 914 1588 ὑπῆρξεν
941 1506 1053 1581 αὐτοῖς
1078 1506 1144 1590 έρις
1164 1507 1223 1591 περ
1257 1571 1260 1577 ,

170 1629 285 1709 αὐτῆς·
315 1628 370 1692 καί
401 1646 501 1710 φασιν
533 1631 564 1693 οί
594 1631 654 1712 μέν
686 1627 940 1714 Πεισίστρατον,
974 1630 1005 1695 οἱ
1037 1628 1071 1696 δέ
1096 1628 1237 1697 Σόλωνα

169 1759 457 1840 παρεγγράψαντα
478 1753 513 1820 ἐν
527 1759 572 1834 τῷ
586 1754 627 1816 Ν
626 1758 689 1818 τῶν
706 1751 880 1838 καταλόγῳ
890 1756 970 1837 μετὰ
985 1755 1021 1818 τὸ
1035 1755 1112 1828 έπος
1125 1759 1236 1830 τοῦτο,

219 1876 310 1954 Αἰἀς
334 1872 365 1943 δ’
389 1881 424 1942 έκ
448 1875 642 1962 Σαλαμῖνος
672 1885 753 1956 ἄγεν
788 1875 984 1945 δυοκαίδεκα
1009 1886 1106 1962 νῆας,

171 2005 245 2087 ἑξῆς
269 2009 384 2082 τοῦτο,

218 2136 311 2212 στήσε
336 2126 366 2193 δ’
389 2130 493 2208 ἄγων,
516 2124 561 2195 ἵν’
586 2124 789 2213 Ἀθηναίων
813 2130 948 2194 ίσταντο
972 2127 1156 2211 φάλαγγες,

170 2261 310 2341 μάρτυρι
343 2260 524 2339 χρήσασθαι
556 2258 601 2337 τῷ
632 2262 753 2340 ποιητῇ
783 2258 839 2319 τοῦ
870 2257 930 2336 τήν
954 2260 1052 2336 νήσου
1079 2255 1113 2332 ἐξ
1138 2256 1238 2340 α’ρχής

171 2379 375 2466 Ἀθηναίων
399 2379 553 2462 ὑπάρξαι.
578 2376 615 2444 οὐ
635 2377 883 2463 παραδέχονται
901 2379 936 2444 δέ
953 2375 1045 2444 τοῦθ’
1057 2379 1089 2444 οί
1101 2384 1239 2462 κριτικοὶ

173 2505 289 2572 διὰτὸ
313 2503 420 2571 πολλὰ
448 2507 513 2571 τῶν
547 2505 635 2570 ε’πῶν
667 2503 923 2588 ἀντιμαρτυρεῖν
950 2500 1073 2579 αὐτοῖς.
1120 2508 1184 2570 Διὰ
1207 2505 1238 2568 τί

173 2636 237 2717 γὰρ
261 2629 434 2718 ναυλοχῶν
459 2630 595 2716 ἔσχατος
620 2628 773 2710 φαίνεται
797 2630 816 2692 δ
838 2628 953 2706 Αίας,
981 2626 1017 2693 οὐ
1041 2625 1111 2707 μετ’
1130 2627 1239 2713 Ἀθη·

173 2758 291 2834 ναίων,
315 2753 401 2820 aaa&
423 2757 505 2839 μετὰ
528 2756 595 2821 τῶν
617 2753 680 2820 ὑπὸ
705 2752 925 2839 Πρωτεσιλάῳ
949 2753 1124 2820 Θετταλῶν
1132 2776 1145 2827 ,·

221 2875 294 2949 ἐνθ’
320 2881 398 2948 έσαν
423 2880 575 2955 Αἴαντός
599 2904 632 2945 τε
657 2878 726 2964 νέες
750 2881 804 2943 καὶ
821 2877 1055 2963 Πρωτεσιλάου
1082 2874 1137 2962 (Ν
1158 2873 1238 2966 681)

89 3059 91 3062 -
177 3015 233 3075 καὶ
259 3011 293 3075 ἒν
318 3014 359 3092 τῇ
383 3003 601 3088 Ἐπιπωλήσει
624 3006 643 3068 ό
666 2999 889 3096 Ἀγαμέμνων
915 2999 959 3087 (Λ
982 2997 1062 3087 3λ7)

172 3169 175 3173 Δ
266 3120 330 3215 εὗρ’
355 3132 426 3198 νίδν
450 3134 583 3195 Πετεῶο
610 3135 799 3210 Μενεσδήα-
816 3126 1017 3211 πλήξιππον,
1061 3175 1063 3181 ·

265 3253 402 3333 ἑσταότ’,
425 3256 506 3338 α’μρί
532 3251 562 3322 δ’
577 3252 781 3339 Ἀθηναῖοι,
804 3261 965 3338 μήστωρες
988 3252 1099 3333 α’ϋτής.

265 3379 367 3465 αὐτὰρ
390 3379 409 3443 δ
432 3378 570 3464 πλησίον
595 3377 718 3462 ἑστήκει
743 3377 924 3464 πολυμήτις
949 3376 1138 3455 Ὀδυσσεείς,

265 3511 332 3592 πὰρ
357 3505 391 3572 δέ
415 3503 641 3590 Κεφαλλήνων
666 3505 747 3589 α’μφί
772 3505 877 3588 στίχες

182 3635 236 3700 έπί
262 3633 297 3700 δέ
321 3637 378 3700 τὸν
403 3632 542 3697 Αίαντα
567 3633 622 3695 καί
646 3631 720 3705 τοής
742 3626 971 3710 Σαλαμινίους
995 3623 1097 3692 πάλιν
1189 3661 1191 3666 ·

401 3752 482 3839 ἦλθε
508 3753 537 3818 δ’
564 3752 613 3818 ἐπ’
638 3755 820 3819 Αἶάντεσσι
847 3747 891 3835 (Λ
915 3743 995 3835 λ73)

180 3886 236 3948 καί
261 3879 337 3966 παρ’
363 3881 480 3955 αὐτούς

402 4002 590 4087 Ἰδομενεδς
616 3999 646 4066 δ’
672 3999 830 4085 ἑτέρωθεν
858 3993 907 4080 (Γ
929 3990 1009 4082 230)
1122 3974 1125 3980 Ι

182 4132 220 4198 οὐ
243 4132 445 4204 Μενεσθεύς.
