3162 5294
847 739 912 810 tot

348 955 494 1048 prurigo.
544 955 595 1024 Sic
626 954 711 1024 enim
743 955 813 1023 sore
837 953 1008 1044 sperabam
1031 964 1069 1023 ut
1092 953 1208 1023 melius
1232 952 1417 1022 Aristarchi

348 1078 493 1170 reliquiis
528 1077 716 1148 consultum
741 1077 914 1148 videretur.
959 1077 1054 1159 Quod
1076 1099 1194 1148 moneo
1217 1098 1258 1147 ne
1281 1077 1416 1148 mireris

348 1205 411 1274 hoc
441 1205 536 1274 illave
566 1206 640 1273 loco
667 1224 766 1271 unam
790 1214 823 1271 et
846 1204 981 1271 atteram
1005 1201 1197 1291 particulam
1223 1200 1417 1270 desiderari.

348 1328 470 1419 Excipe
495 1338 619 1411 tamen,
644 1326 697 1406 sis,
723 1325 824 1394 schol.
848 1325 872 1394 B
895 1325 935 1395 ad
959 1325 993 1393 M
1015 1324 1098 1408 175,
1123 1323 1417 1405 15861385,ουί

347 1471 399 1520 res
425 1451 518 1519 aliam
543 1449 702 1519 rationem
727 1448 925 1541 postulabat.

391 1578 473 1646 Ecce
496 1577 605 1666 igitur,
631 1585 667 1644 ut
692 1574 821 1644 tandem
843 1574 1022 1655 absolvam,
1048 1575 1155 1642 omnia
1179 1573 1417 1663 quaeincom·

347 1700 581 1769 mentationem
605 1701 780 1768 transferre
804 1697 908 1768 ausim
941 1785 945 1796 Ι

396 1954 732 2066 ἈΙΞΙΣΤΑΡΧΟΤ
753 1960 876 2018 ΠΕΡΙ
897 1957 985 2019 Tor
1007 1953 1357 2020 ΝΑΤΣΤΑΘΜΟΤ.

418 2327 453 2391 ἕν
477 2320 506 2388 δ’
520 2321 645 2388 αὐτοῖσι
673 2318 756 2406 (scil.
779 2329 846 2397 τοῖς
870 2319 1021 2409 πύργοις)
1045 2322 1150 2401 πάλας
1173 2331 1348 2406 ποιήσομεν
1374 2320 1418 2390 εὖ

1227 2447 1415 2533 ἀραρυίας,

524 2574 607 2651 ὄφρα
632 2568 676 2634 δι’
701 2569 830 2638 αὐτάων
857 2569 1037 2657 ἱππηλασίη
1061 2571 1133 2647 ὁδὸς
1157 2577 1205 2657 ἤη.

388 2691 475 2759 Voce
514 2694 615 2760 παλαι
658 2696 894 2781 πληθυντικῶς
931 2693 1037 2760 utitur
1073 2704 1180 2784 poeta.
1229 2693 1314 2782 Ergo
1344 2697 1414 2781 μιά

344 2820 497 2888 ὑπέκειτο
532 2819 618 2904 πάλη
656 2821 690 2886 ἐν
726 2828 770 2905 τῷ
807 2824 905 2907 τείχει
944 2817 1174 2906 (50110111αά
1198 2826 1236 2882 H
1254 2817 1334 2908 339)
1373 2832 1416 2889 et

344 2940 476 3030 quidem
523 2940 595 3010 κατ’
635 2945 785 3029 ἀριστερὰ
820 2948 875 3012 τοῦ
912 2952 1123 3030 ναυστάθμου
1160 2942 1276 3034 (schol.
1306 2944 1333 3011 Α
1365 2947 1414 3016 ad

344 3072 389 3130 M
407 3063 500 3154 118).
546 3065 673 3133 Etenim
697 3073 742 3131 M
752 3064 817 3133 118
840 3066 936 3134 irruit
952 3067 1073 3135 Asius:

666 3197 754 3280 νηῶν
779 3197 830 3261 ἐπ’
856 3195 1027 3280 ἀριστερὰ,
1054 3204 1175 3283 τῇπερ
1200 3195 1337 3283 Ἀχαιοί

493 3320 528 3382 εἰι
552 3317 667 3385 πεδίου
692 3321 839 3386 νίσσοντο
864 3323 921 3388 συν
945 3324 1098 3390 ἵπποισιν
1124 3327 1179 3388 καὶ
1204 3329 1335 3408 ὄχεσφιν

420 3493 421 3498 1
488 3449 528 3526 τῇ
552 3437 580 3526 ῥ’
603 3445 725 3519 ἵππους
748 3469 781 3509 τε
807 3447 861 3509 καί
885 3448 972 3530 ἅρμα
996 3445 1149 3530 διήλασεν

342 3582 449 3652 neque
472 3561 517 3630 ibi

1100 3709 1103 3712 ’
1132 3696 1271 3783 πείλησιν

433 3799 497 3900 εὗρ’
521 3814 769 3900 ἐπικεκλιμένας
792 3819 929 3895 σανίδας
954 3822 1008 3885 καί
1031 3821 1156 3906 μακρὸν
1180 3793 1271 3908 ἀχηα.

386 3936 499 4025 ltaque
523 3941 698 4030 ἀθετητεόι
724 3939 822 4026 (ἑπτά
845 3947 927 4031 ςίχοι
953 3939 1052 4031 οῗδε)·

430 4061 526 4134 ἄλλοι
552 4061 582 4130 δ’
594 4063 672 4148 ἀμφ’
699 4062 816 4152 ἄλλῃσι
839 4075 947 4154 μάχην
972 4072 1128 4157 ἐμάχοντο
1152 4069 1304 4157 πόλησιν·

432 4184 593 4274 ἀργαλέον
619 4186 654 4255 δέ
676 4216 714 4276 με
738 4201 841 4256 ταῦτα
865 4197 945 4260 θεόν
969 4197 1013 4270 ὣς
1037 4193 1134 4262 πάντ’
1157 4198 1343 4280 ἀγορεῦσαι·
