3196 5292
669 677 712 748 23

158 897 273 979 κόροαι
310 896 364 960 καὶ
397 893 552 978 κεφαλαί,
577 893 667 983 quod
692 893 830 966 sortasse
854 897 969 968 adiecit
990 913 1227 976 commentator

156 1013 257 1105 ipse).
293 1019 343 1085 διό
380 1024 435 1086 καί
471 1023 583 1107 ε’ξοχολς
618 1025 718 1100 αὐτός
744 1023 875 1093 καλοῦσι
900 1032 955 1094 καί
980 1031 1159 1114 κεφαλίδας
1192 1055 1229 1118 αἱ

90 1152 92 1154 ’
157 1143 299 1212 παλαιοί
329 1141 426 1232 (lugia
450 1153 560 1212 antem
584 1145 793 1234 scriptorem,
818 1148 900 1217 hanc
924 1151 1020 1220 etiam
1045 1154 1224 1226 Aristarchi

159 1264 262 1334 fuisse
298 1265 505 1355 opinionem,
542 1290 640 1359 quarn
664 1270 795 1360 quidem
820 1274 972 1344 tuebatur
996 1285 1031 1352 ἐν
1056 1292 1123 1362 τοῖς
1146 1289 1228 1355 ὑπο-

157 1399 314 1492 μνήμασι.
361 1390 435 1460 Mox
471 1392 557 1461 enim
580 1403 727 1464 veterum
752 1398 928 1469 sententiae
952 1402 999 1472 vis
1027 1407 1221 1496 opponitur,

160 1537 227 1606 qua
252 1516 386 1586 criticus
411 1518 646 1589 Alexandrinus
671 1521 913 1594 substantivum
937 1527 1017 1598 illud
1040 1533 1111 1601 vult
1133 1533 1227 1604 intel·

159 1639 226 1730 ligi.
255 1641 377 1733 Nempe
402 1642 448 1712 sic
470 1645 576 1735 pergit
599 1646 707 1736 Eust.)
734 1655 772 1730 ἃς
795 1656 850 1719 καί
872 1657 1051 1728 καθεῖλκον
1070 1666 1102 1727 οἱ
1118 1669 1227 1750 Τρῶες

159 1781 399 1857 καθαιροῦντες
422 1779 467 1850 εἷς
491 1783 564 1860 γῆν.
587 1775 749 1864 μέμνηται
774 1780 809 1846 δέ
835 1783 945 1850 αὐτῶν
971 1789 1026 1850 καί
1043 1784 1112 1870 μετ’
1126 1788 1224 1872 όλίγα

162 1894 246 1984 (scil.
276 1902 321 1961 M
339 1895 420 1986 444)
458 1903 477 1967 o‘
509 1907 643 1986 ποιητὴς
670 1907 706 1972 ἐν
731 1908 775 1987 τῷ
804 1915 985 1993 σκροσσάοιν
1011 1913 1223 2000 ἐπέβαινον.»

158 2024 378 2116 Ἀρίσταρχος
402 2028 437 2093 δέ
462 2028 641 2112 πολεμικός
666 2027 825 2113 κλίμακας
842 2031 1042 2122 ὑποιρόχονς
1063 2042 1121 2114 τὰς
1138 2045 1227 2125 κρόσ·

107 2155 110 2159 ’
161 2179 219 2230 σας
244 2157 328 2234 νοέἳ,
353 2161 425 2240 ἤτοι
448 2160 599 2241 μηχανὰς
623 2153 848 2240 κλιμακώόεις.

207 2276 252 2346 Cf.
276 2277 363 2364 idem
387 2276 461 2346 965.
475 2275 536 2346 37:
583 2287 781 2368 προκρόσσας
817 2284 851 2350 δὲ
887 2281 1029 2372 Ὅμηρος
1053 2287 1138 2368 λέγει
1162 2293 1229 2367 τὰς

162 2411 262 2484 οὕτως
291 2407 493 2494 ὡρμισμένος
525 2413 622 2490 νῆας,
659 2409 702 2486 ὡς
726 2406 927 2495 κλιμακηόόν
951 2407 1022 2480 οἷον
1047 2411 1227 2497 ἱσταμένας

162 2535 218 2601 διὰ
254 2537 289 2600 τό
323 2532 452 2620 ὑψηλόν
488 2543 543 2600 τοῦ
579 2535 695 2601 τόπου.
736 2539 865 2620 κρόσσαι
902 2540 981 2618 γὰρ,
1016 2541 1061 2615 ὥς
1084 2538 1223 2626 έῤῥέθη,

162 2664 348 2746 τειχομόχσι
385 2657 549 2745 κλίμακες.
586 2663 617 2726 οί
652 2661 686 2726 δέ
722 2658 859 2727 παλαιοί
892 2657 939 2746 (in
963 2660 1103 2730 cundem
1126 2682 1224 2752 quem

161 2782 261 2851 modo
284 2781 393 2852 notavi
416 2803 561 2851 errorem
586 2782 747 2852 delabitur
765 2782 920 2873 scriptor)
940 2790 995 2854 καὶ
1011 2789 1095 2856 οὕτω
1112 2793 1223 2874 φασίν,

160 2916 360 2999 προκρόσσας
395 2907 451 2990 τὰς
484 2911 596 2999 ἑτέρας
630 2915 692 2997 πρό
727 2911 857 2998 ἑτέρων,
899 2914 978 2980 ὥστε
1017 2917 1223 3002 θεατροειόὲς

160 3040 340 3122 φαίνεσθαι
374 3044 410 3106 τό
448 3037 619 3108 νιόιλκιον.
658 3040 705 3105 έτι
743 3040 777 3106 δέ
811 3045 866 3106 καί
900 3042 982 3106 οὗτοι
1005 3047 1225 3130 προκρόσσας,

159 3162 267 3241 ἄλλας
292 3165 344 3233 ἐπ’
366 3164 503 3245 ἄλλαις,
527 3167 769 3254 ἀντιπρώρους.

160 3374 163 3382 ¹
207 3288 256 3356 ld
284 3296 330 3354 M
355 3287 437 3370 444,
470 3299 506 3358 ut
537 3288 615 3357 haec
646 3285 784 3356 strictim
820 3296 967 3376 tangam,
990 3286 1085 3356 silent
1113 3307 1225 3358 omnes

160 3414 301 3484 codices.
348 3413 417 3483 Ηοο
453 3422 579 3481 tanturn
613 3410 755 3502 reperies
790 3409 822 3478 in
858 3408 1060 3479 scholiorum
1084 3409 1226 3480 editione

159 3537 296 3606 Bekkeri
326 3547 359 3606 et
383 3536 514 3627 quidem
537 3535 645 3605 addita
668 3535 775 3604 littera
798 3535 839 3617 n,
863 3557 927 3626 qua
952 3535 1073 3606 scholia
1097 3536 1222 3606 minora

161 3663 229 3732 sive
251 3661 378 3754 Didymi
406 3661 606 3741 indicantur,
638 3661 815 3751 κροσσάων)
840 3667 1026 3752 όπονρόχων
1051 3665 1220 3751 κλιμάκων

160 3769 242 3880 πρὸς
266 3795 480 3880 τειχομαχίαν
505 3791 709 3878 ἐπιτηδείων.

205 3914 368 3997 Diversae,
393 3925 431 3985 ut
457 3914 585 3984 tandem
604 3913 785 4007 absolvam,
805 3912 955 3982 vocabuli
971 3912 1220 4003 significationes

160 4039 195 4111 in
230 4062 334 4110 unum
369 4039 499 4129 collegit
533 4039 723 4130 Apollonius
757 4038 777 4107 i.
802 4061 849 4108 r.:
882 4044 965 4112 ἔνιοι
987 4046 1047 4130 μὲν
1073 4049 1131 4122 τὰς
1154 4042 1224 4111 nli-

160 4193 289 4258 μακας,
327 4169 409 4237 ένιοι
445 4169 479 4235 όέ
516 4173 573 4245 τὰς
610 4168 803 4253 κεφαλίδας,
837 4169 919 4238 ένιοι
945 4171 978 4237 δέ
1004 4174 1069 4242 τῶν
1093 4171 1224 4257 πείρασιν
