3196 5292
874 697 916 766 36

416 913 474 981 ilic
509 933 605 1002 ergo,
640 912 699 982 nisi
735 913 838 994 failor,
875 912 956 982 duas
990 912 1147 982 hahemus
1182 912 1446 994 varias-immo

370 1057 447 1106 vero
498 1036 582 1106 inter
628 1057 664 1106 se
710 1047 894 1127 pugnantes
940 1035 1085 1106 eiusdem
1131 1036 1193 1105 loci
1240 1037 1446 1128 interpreta-

372 1163 491 1245 tiones,
541 1183 681 1253 quarum
733 1171 874 1251 utraque
915 1160 955 1230 ab
996 1160 1179 1231 Aristonico
1216 1162 1316 1230 relata
1354 1181 1443 1232 eun-

371 1291 443 1360 dem
480 1300 648 1359 auctorem
682 1287 796 1360 habuit
831 1286 1066 1358 Aristarchum.
1115 1284 1200 1356 Alias
1235 1287 1332 1356 etiam
1367 1286 1440 1356 dis-

370 1418 491 1488 crimen
521 1426 656 1488 notatur
684 1415 768 1484 inter
794 1421 835 1486 τὰ
869 1421 1085 1503 ὑπομνήματα
1121 1433 1158 1482 33
1192 1420 1232 1483 τὰ
1267 1418 1339 1499 περὶ
1375 1416 1436 1480 τοῦ

299 1511 307 1526 ’
369 1555 601 1634 ναυστάθμου;
633 1543 722 1633 atqui
760 1541 852 1631 prius
887 1540 1047 1608 scholium
1077 1538 1118 1606 ad
1149 1542 1177 1602 A
1205 1535 1271 1606 335
1296 1556 1433 1606 cumea

368 1669 604 1760 Porphyrianae
626 1676 722 1736 notae
745 1676 837 1756 parte
862 1663 1039 1745 consentit,
1074 1663 1126 1732 cui
1149 1683 1215 1732 non
1238 1661 1368 1742 iniuria,
1393 1673 1432 1730 ut

368 1815 482 1884 spero,
518 1795 627 1863 locum
662 1789 825 1880 assignavi
859 1789 892 1858 in
916 1787 1142 1858 dissertatione
1165 1786 1304 1878 perdita,
1332 1807 1428 1877 quarn

366 1932 443 2013 post
462 1918 713 1990 commentarios
740 1916 870 2008 scripsit
898 1915 1114 1984 Aristarchus
1157 1913 1309 1981 Alterum
1331 1909 1430 2000 igitur

366 2047 406 2115 ad
443 2051 471 2110 Δ
495 2044 571 2115 ,335
602 2044 763 2114 scholium
791 2063 829 2112 ex
853 2042 915 2112 alio
940 2043 1028 2111 sente
1047 2041 1201 2110 haustum
1227 2039 1345 2120 fuisse,
1369 2059 1427 2106 ne-

366 2191 457 2240 cesse
482 2182 542 2240 est.

410 2297 471 2367 Sed
495 2295 642 2365 adhibeat
666 2292 844 2385 disputatio
870 2293 1005 2362 modum
1029 2302 1062 2361 et
1084 2290 1195 2360 redeat
1217 2289 1310 2370 iiiuc,
1342 2288 1429 2358 unde

366 2420 511 2502 deflexit,
538 2432 576 2488 ut
598 2419 638 2490 de
662 2419 794 2510 reliquis
818 2417 914 2487 etiam
937 2418 1033 2487 rerba
1056 2417 1189 2497 faciam,
1227 2437 1284 2506 spe
1309 2416 1429 2484 ductus

365 2558 491 2636 ἄμητον
516 2566 582 2614 non
605 2546 675 2614 sore
698 2549 874 2631 ὀλίγιστον.

408 2672 526 2741 Omnes
568 2671 590 2739 ii
632 2671 713 2754 loci,
755 2673 810 2740 nbi
845 2670 1003 2740 vocabulo
1039 2679 1168 2762 κρόσσαι
1205 2669 1428 2758 significantur

363 2801 533 2886 κλίμακες,
559 2806 671 2864 utres
696 2797 764 2886 ipsa
790 2797 921 2878 suadet,
956 2797 997 2865 ad
1021 2797 1201 2866 Aristarchi
1225 2805 1429 2865 commenta·

369 2923 489 2991 tionem
514 2920 781 3010 topographicam
805 2922 987 2991 necessario
1013 2922 1131 2992 dehent
1154 2923 1283 2992 referri.
1323 2923 1425 3014 Atqui

363 3046 459 3115 docto
487 3045 718 3126 Alexandrino,
754 3067 858 3136 quum
881 3055 1015 3134 κρόσσας
1039 3059 1216 3138 exponeret
1240 3051 1423 3137 κλίμακας,

362 3179 558 3261 πρόκροσσαι
590 3170 815 3260 explicandum
850 3183 919 3242 erat
956 3177 1173 3265 κλιμακηδόν.
1223 3175 1304 3246 Hinc
1326 3175 1424 3265 igitur

364 3298 428 3367 hoc
463 3298 500 3367 ht
534 3297 757 3380 manifestum,
783 3297 959 3368 Aristonici
984 3311 1095 3369 notam
1121 3321 1217 3391 qnam
1243 3299 1277 3371 in
1299 3299 1418 3368 teneto

365 3428 402 3490 A
427 3426 466 3494 ad
490 3427 521 3495 Ξ
543 3423 586 3493 35
611 3425 765 3514 reperim,
798 3424 1017 3494 dissertationi
1040 3424 1133 3494 cuius
1156 3424 1308 3515 reliquias
1333 3423 1422 3492 colli-

364 3571 439 3639 gere
463 3550 580 3619 studeo
604 3549 808 3619 tribuendam
832 3570 913 3618 esse.

406 3676 510 3765 Supra
554 3697 627 3765 pag.
665 3674 709 3742 rt
743 3697 791 3766 sq.
834 3675 898 3744 iam
933 3676 1095 3766 disputari
1130 3677 1169 3746 de
1206 3677 1305 3746 altera
1349 3675 1419 3745 libri

362 3806 407 3866 M
425 3821 471 3868 vs.
495 3797 559 3868 358
594 3801 877 3891 interpretatione,
914 3825 1011 3893 quam
1035 3824 1072 3872 ex
1095 3802 1272 3872 Aristarchi
1296 3813 1420 3874 mutata

360 3924 517 3994 sententia
552 3947 699 3995 manasse
742 3947 874 3998 necesse
910 3937 988 3996 erat.
1035 3927 1137 3997 Porro
1171 3948 1238 3996 non
1272 3927 1419 4017 ineptum

359 4050 486 4120 videtur
509 4051 734 4142 superioribus
757 4062 898 4122 attexere
921 4053 1010 4144 quod
1033 4052 1134 4121 codex
1163 4055 1200 4117 A
1225 4053 1265 4122 ad
1291 4060 1334 4118 M
1353 4049 1420 4120 375

360 4173 504 4255 exhibet,
528 4174 584 4243 ubi
606 4185 702 4266 poeta
729 4176 795 4244 sic:
