<?xml version="1.0" encoding="UTF-8"?>
<!DOCTYPE html PUBLIC "-//W3C//DTD XHTML 1.0 Transitional//EN"
    "http://www.w3.org/TR/xhtml1/DTD/xhtml1-transitional.dtd">
<html xmlns="http://www.w3.org/1999/xhtml" xml:lang="en" lang="en">
 <head>
  <title>
</title>
<meta http-equiv="Content-Type" content="text/html;charset=utf-8" />
  <meta name='ocr-system' content='tesseract 3.04.00' />
  <meta name='ocr-capabilities' content='ocr_page ocr_carea ocr_par ocr_line ocrx_word'/>
</head>
<body>
  <div class='ocr_page' id='page_1' title='image "./dearistarchicom00goedgoog_0052.png"; bbox 0 0 3196 5292; ppageno 0'>
   <div class='ocr_carea' id='block_1_1' title="bbox 664 680 709 751">
    <p class='ocr_par' dir='ltr' id='par_1_1' title="bbox 664 680 709 751">
     <span class='ocr_line' id='line_1_1' title="bbox 664 680 709 751; baseline 0 0"><span class='ocrx_word' id='word_1_1' title='bbox 664 680 709 751; x_wconf 78' lang='lat'>33</span> 
     </span>
    </p>
   </div>
   <div class='ocr_carea' id='block_1_2' title="bbox 150 894 1290 1112">
    <p class='ocr_par' dir='ltr' id='par_1_2' title="bbox 150 894 1290 1112">
     <span class='ocr_line' id='line_1_2' title="bbox 150 894 1290 987; baseline 0.005 -25"><span class='ocrx_word' id='word_1_2' title='bbox 150 894 399 983; x_wconf 85' lang='lat' dir='ltr'>haedereegil.</span> <span class='ocrx_word' id='word_1_3' title='bbox 415 895 646 987; x_wconf 74' lang='lat' dir='ltr'>«Perspicuum</span> <span class='ocrx_word' id='word_1_4' title='bbox 659 908 740 978; x_wconf 80' lang='lat' dir='ltr'>est»,</span> <span class='ocrx_word' id='word_1_5' title='bbox 753 896 1060 987; x_wconf 84' lang='lat' dir='ltr'>inquitvirdoctus,</span> <span class='ocrx_word' id='word_1_6' title='bbox 1080 919 1213 968; x_wconf 79' lang='lat' dir='ltr'>eversus</span> <span class='ocrx_word' id='word_1_7' title='bbox 1288 894 1290 898; x_wconf 71' lang='grc'><strong>’</strong></span> 
     </span>
     <span class='ocr_line' id='line_1_3' title="bbox 152 1021 1216 1112; baseline 0.001 -22"><span class='ocrx_word' id='word_1_8' title='bbox 152 1022 303 1091; x_wconf 88' lang='lat' dir='ltr'>laudatos</span> <span class='ocrx_word' id='word_1_9' title='bbox 340 1021 380 1090; x_wconf 94' lang='lat' dir='ltr'>ad</span> <span class='ocrx_word' id='word_1_10' title='bbox 407 1043 512 1090; x_wconf 91' lang='lat' dir='ltr'>unum</span> <span class='ocrx_word' id='word_1_11' title='bbox 538 1032 663 1091; x_wconf 80' lang='lat' dir='ltr'>tantum</span> <span class='ocrx_word' id='word_1_12' title='bbox 688 1022 835 1091; x_wconf 82' lang='lat' dir='ltr'>ordinem</span> <span class='ocrx_word' id='word_1_13' title='bbox 859 1033 1024 1112; x_wconf 85' lang='lat' dir='ltr'>spectare,</span> <span class='ocrx_word' id='word_1_14' title='bbox 1049 1043 1115 1091; x_wconf 92' lang='lat' dir='ltr'>non</span> <span class='ocrx_word' id='word_1_15' title='bbox 1139 1043 1216 1091; x_wconf 87' lang='lat' dir='ltr'>vero</span> 
     </span>
    </p>
   </div>
   <div class='ocr_carea' id='block_1_3' title="bbox 150 1146 1334 1238">
    <p class='ocr_par' dir='ltr' id='par_1_3' title="bbox 150 1146 1334 1238">
     <span class='ocr_line' id='line_1_4' title="bbox 150 1146 1334 1238; baseline -0.001 -22"><span class='ocrx_word' id='word_1_16' title='bbox 150 1149 193 1218; x_wconf 91' lang='lat' dir='ltr'>ad</span> <span class='ocrx_word' id='word_1_17' title='bbox 217 1146 377 1238; x_wconf 89' lang='lat' dir='ltr'>quinque,</span> <span class='ocrx_word' id='word_1_18' title='bbox 404 1157 441 1216; x_wconf 93' lang='lat' dir='ltr'>ut</span> <span class='ocrx_word' id='word_1_19' title='bbox 463 1148 534 1215; x_wconf 90' lang='lat' dir='ltr'>vult</span> <span class='ocrx_word' id='word_1_20' title='bbox 559 1146 737 1216; x_wconf 90' lang='lat' dir='ltr'>Ulrichsius</span> <span class='ocrx_word' id='word_1_21' title='bbox 755 1168 819 1237; x_wconf 90' lang='lat' dir='ltr'>-spe</span> <span class='ocrx_word' id='word_1_22' title='bbox 842 1146 961 1216; x_wconf 88' lang='lat' dir='ltr'>ductus</span> <span class='ocrx_word' id='word_1_23' title='bbox 982 1147 1051 1215; x_wconf 89' lang='lat' dir='ltr'>lore</span> <span class='ocrx_word' id='word_1_24' title='bbox 1065 1147 1212 1216; x_wconf 83' lang='lat' dir='ltr'>utfidem</span> <span class='ocrx_word' id='word_1_25' title='bbox 1333 1219 1334 1226; x_wconf 45' lang='lat'>,</span> 
     </span>
    </p>
   </div>
   <div class='ocr_carea' id='block_1_4' title="bbox 146 1270 1238 4100">
    <p class='ocr_par' dir='ltr' id='par_1_4' title="bbox 147 1270 1238 2584">
     <span class='ocr_line' id='line_1_5' title="bbox 150 1270 1213 1361; baseline -0.005 -18"><span class='ocrx_word' id='word_1_26' title='bbox 150 1274 301 1343; x_wconf 81' lang='lat' dir='ltr'>conciliet</span> <span class='ocrx_word' id='word_1_27' title='bbox 332 1273 500 1344; x_wconf 80' lang='lat' dir='ltr'>Strabonis</span> <span class='ocrx_word' id='word_1_28' title='bbox 523 1273 710 1354; x_wconf 82' lang='lat' dir='ltr'>assertioni,</span> <span class='ocrx_word' id='word_1_29' title='bbox 736 1293 774 1341; x_wconf 87' lang='lat' dir='ltr'>ex</span> <span class='ocrx_word' id='word_1_30' title='bbox 798 1292 862 1361; x_wconf 93' lang='lat' dir='ltr'>qua</span> <span class='ocrx_word' id='word_1_31' title='bbox 886 1281 991 1340; x_wconf 87' lang='lat' dir='ltr'>castra</span> <span class='ocrx_word' id='word_1_32' title='bbox 1015 1270 1213 1339; x_wconf 87' lang='lat' dir='ltr'>Graecorum</span> 
     </span>
     <span class='ocr_line' id='line_1_6' title="bbox 151 1394 1215 1489; baseline -0.006 -22"><span class='ocrx_word' id='word_1_33' title='bbox 151 1398 511 1489; x_wconf 84' lang='lat' dir='ltr'>comprehendebantur</span> <span class='ocrx_word' id='word_1_34' title='bbox 536 1397 640 1489; x_wconf 85' lang='lat' dir='ltr'>spatio</span> <span class='ocrx_word' id='word_1_35' title='bbox 664 1398 705 1466; x_wconf 89' lang='lat' dir='ltr'>ad</span> <span class='ocrx_word' id='word_1_36' title='bbox 728 1396 859 1485; x_wconf 78' lang='lat' dir='ltr'>Sigeum</span> <span class='ocrx_word' id='word_1_37' title='bbox 882 1405 914 1464; x_wconf 92' lang='lat' dir='ltr'>et</span> <span class='ocrx_word' id='word_1_38' title='bbox 939 1395 1070 1485; x_wconf 90' lang='lat' dir='ltr'>quidem</span> <span class='ocrx_word' id='word_1_39' title='bbox 1090 1394 1215 1462; x_wconf 91' lang='lat' dir='ltr'>adeius</span> 
     </span>
     <span class='ocr_line' id='line_1_7' title="bbox 149 1517 1213 1612; baseline -0.005 -22"><span class='ocrx_word' id='word_1_40' title='bbox 149 1523 241 1591; x_wconf 88' lang='lat' dir='ltr'>fluvii</span> <span class='ocrx_word' id='word_1_41' title='bbox 276 1522 359 1591; x_wconf 84' lang='lat' dir='ltr'>ostia</span> <span class='ocrx_word' id='word_1_42' title='bbox 394 1520 451 1612; x_wconf 93' lang='lat' dir='ltr'>qui</span> <span class='ocrx_word' id='word_1_43' title='bbox 485 1543 573 1589; x_wconf 91' lang='lat' dir='ltr'>nune</span> <span class='ocrx_word' id='word_1_44' title='bbox 607 1521 726 1590; x_wconf 86' lang='lat' dir='ltr'>dicitur</span> <span class='ocrx_word' id='word_1_45' title='bbox 760 1519 917 1588; x_wconf 80' lang='lat' dir='ltr'>blendere.</span> <span class='ocrx_word' id='word_1_46' title='bbox 964 1517 1072 1598; x_wconf 87' lang='lat' dir='ltr'>Ouum</span> <span class='ocrx_word' id='word_1_47' title='bbox 1102 1527 1213 1586; x_wconf 86' lang='lat' dir='ltr'>aulem</span> 
     </span>
     <span class='ocr_line' id='line_1_8' title="bbox 150 1642 1214 1735; baseline -0.003 -22"><span class='ocrx_word' id='word_1_48' title='bbox 150 1647 374 1735; x_wconf 78' lang='lat' dir='ltr'>Agamemnon</span> <span class='ocrx_word' id='word_1_49' title='bbox 396 1645 429 1713; x_wconf 93' lang='lat' dir='ltr'>in</span> <span class='ocrx_word' id='word_1_50' title='bbox 442 1666 522 1715; x_wconf 78' lang='lat' dir='ltr'>nave</span> <span class='ocrx_word' id='word_1_51' title='bbox 538 1645 665 1714; x_wconf 88' lang='lat' dir='ltr'>steterit</span> <span class='ocrx_word' id='word_1_52' title='bbox 677 1645 816 1735; x_wconf 81' lang='lat' dir='ltr'>Ulyssis,</span> <span class='ocrx_word' id='word_1_53' title='bbox 831 1643 953 1734; x_wconf 87' lang='lat' dir='ltr'>quippe</span> <span class='ocrx_word' id='word_1_54' title='bbox 966 1664 1048 1732; x_wconf 89' lang='lat' dir='ltr'>quae</span> <span class='ocrx_word' id='word_1_55' title='bbox 1061 1643 1094 1710; x_wconf 94' lang='lat' dir='ltr'>in</span> <span class='ocrx_word' id='word_1_56' title='bbox 1107 1642 1214 1711; x_wconf 91' lang='lat' dir='ltr'>medio</span> 
     </span>
     <span class='ocr_line' id='line_1_9' title="bbox 150 1764 1216 1859; baseline -0.004 -22"><span class='ocrx_word' id='word_1_57' title='bbox 150 1769 210 1850; x_wconf 90' lang='lat' dir='ltr'>sit,</span> <span class='ocrx_word' id='word_1_58' title='bbox 236 1780 274 1837; x_wconf 91' lang='lat' dir='ltr'>ut</span> <span class='ocrx_word' id='word_1_59' title='bbox 291 1769 324 1836; x_wconf 93' lang='lat' dir='ltr'>in</span> <span class='ocrx_word' id='word_1_60' title='bbox 336 1779 510 1859; x_wconf 90' lang='lat' dir='ltr'>utramque</span> <span class='ocrx_word' id='word_1_61' title='bbox 522 1779 650 1858; x_wconf 84' lang='lat' dir='ltr'>partem</span> <span class='ocrx_word' id='word_1_62' title='bbox 668 1767 812 1836; x_wconf 80' lang='lat' dir='ltr'>exaudiri</span> <span class='ocrx_word' id='word_1_63' title='bbox 825 1767 930 1856; x_wconf 87' lang='lat' dir='ltr'>possit</span> <span class='ocrx_word' id='word_1_64' title='bbox 944 1771 971 1834; x_wconf 86' lang='grc' dir='ltr'>Θ</span> <span class='ocrx_word' id='word_1_65' title='bbox 984 1765 1049 1832; x_wconf 71' lang='lat' dir='ltr'>bhh</span> <span class='ocrx_word' id='word_1_66' title='bbox 1064 1765 1111 1855; x_wconf 87' lang='lat' dir='ltr'>(cl</span> <span class='ocrx_word' id='word_1_67' title='bbox 1121 1775 1155 1830; x_wconf 86' lang='grc' dir='ltr'><em>Λ</em></span> <span class='ocrx_word' id='word_1_68' title='bbox 1169 1764 1216 1856; x_wconf 86' lang='grc'>6),</span> 
     </span>
     <span class='ocr_line' id='line_1_10' title="bbox 149 1887 1215 1981; baseline -0.008 -18"><span class='ocrx_word' id='word_1_69' title='bbox 149 1916 190 1963; x_wconf 87' lang='lat' dir='ltr'>ex</span> <span class='ocrx_word' id='word_1_70' title='bbox 221 1915 260 1963; x_wconf 89' lang='lat' dir='ltr'>eo</span> <span class='ocrx_word' id='word_1_71' title='bbox 290 1895 400 1963; x_wconf 92' lang='lat' dir='ltr'>nullus</span> <span class='ocrx_word' id='word_1_72' title='bbox 424 1891 506 1962; x_wconf 89' lang='lat' dir='ltr'>alius</span> <span class='ocrx_word' id='word_1_73' title='bbox 531 1892 612 1961; x_wconf 87' lang='lat' dir='ltr'>ordo</span> <span class='ocrx_word' id='word_1_74' title='bbox 636 1891 768 1960; x_wconf 87' lang='lat' dir='ltr'>navium</span> <span class='ocrx_word' id='word_1_75' title='bbox 793 1900 903 1981; x_wconf 91' lang='lat' dir='ltr'>potest</span> <span class='ocrx_word' id='word_1_76' title='bbox 927 1890 1012 1958; x_wconf 86' lang='lat' dir='ltr'>ellici</span> <span class='ocrx_word' id='word_1_77' title='bbox 1033 1889 1095 1958; x_wconf 91' lang='lat' dir='ltr'>nisi</span> <span class='ocrx_word' id='word_1_78' title='bbox 1119 1887 1215 1958; x_wconf 89' lang='lat' dir='ltr'>semi·</span> 
     </span>
     <span class='ocr_line' id='line_1_11' title="bbox 150 2015 1238 2107; baseline -0.001 -23"><span class='ocrx_word' id='word_1_79' title='bbox 150 2016 335 2098; x_wconf 87' lang='lat' dir='ltr'>circularis,</span> <span class='ocrx_word' id='word_1_80' title='bbox 359 2018 551 2107; x_wconf 85' lang='lat' dir='ltr'>praesertim</span> <span class='ocrx_word' id='word_1_81' title='bbox 571 2015 661 2104; x_wconf 93' lang='lat' dir='ltr'>quod</span> <span class='ocrx_word' id='word_1_82' title='bbox 676 2015 761 2084; x_wconf 86' lang='lat' dir='ltr'>inter</span> <span class='ocrx_word' id='word_1_83' title='bbox 776 2035 874 2083; x_wconf 87' lang='lat' dir='ltr'>naves</span> <span class='ocrx_word' id='word_1_84' title='bbox 891 2023 924 2082; x_wconf 90' lang='lat' dir='ltr'>et</span> <span class='ocrx_word' id='word_1_85' title='bbox 940 2035 1074 2082; x_wconf 88' lang='lat' dir='ltr'>murum</span> <span class='ocrx_word' id='word_1_86' title='bbox 1089 2034 1216 2104; x_wconf 88' lang='lat' dir='ltr'>pugnas</span> <span class='ocrx_word' id='word_1_87' title='bbox 1236 2020 1238 2024; x_wconf 83' lang='lat'>&#39;</span> 
     </span>
     <span class='ocr_line' id='line_1_12' title="bbox 149 2136 1214 2230; baseline -0.001 -20"><span class='ocrx_word' id='word_1_88' title='bbox 149 2141 332 2210; x_wconf 87' lang='lat' dir='ltr'>decertatas</span> <span class='ocrx_word' id='word_1_89' title='bbox 374 2140 451 2208; x_wconf 85' lang='lat' dir='ltr'>facit</span> <span class='ocrx_word' id='word_1_90' title='bbox 491 2149 606 2230; x_wconf 89' lang='lat' dir='ltr'>poeta;</span> <span class='ocrx_word' id='word_1_91' title='bbox 649 2149 747 2230; x_wconf 86' lang='lat' dir='ltr'>atque</span> <span class='ocrx_word' id='word_1_92' title='bbox 783 2160 824 2208; x_wconf 93' lang='lat' dir='ltr'>eo</span> <span class='ocrx_word' id='word_1_93' title='bbox 852 2136 942 2207; x_wconf 89' lang='lat' dir='ltr'>ducit</span> <span class='ocrx_word' id='word_1_94' title='bbox 965 2137 1114 2207; x_wconf 88' lang='lat' dir='ltr'>vocabuli</span> <span class='ocrx_word' id='word_1_95' title='bbox 1136 2169 1214 2228; x_wconf 80' lang='grc' dir='ltr'><em>προ·</em></span> 
     </span>
     <span class='ocr_line' id='line_1_13' title="bbox 148 2262 1212 2356; baseline 0.003 -22"><span class='ocrx_word' id='word_1_96' title='bbox 148 2274 286 2352; x_wconf 71' lang='grc' dir='ltr'><strong><em>κρόσσας</em></strong></span> <span class='ocrx_word' id='word_1_97' title='bbox 318 2263 495 2355; x_wconf 83' lang='lat' dir='ltr'>expositio,</span> <span class='ocrx_word' id='word_1_98' title='bbox 529 2264 760 2354; x_wconf 86' lang='lat' dir='ltr'>quaelegitur</span> <span class='ocrx_word' id='word_1_99' title='bbox 791 2264 831 2332; x_wconf 89' lang='lat' dir='ltr'>ad</span> <span class='ocrx_word' id='word_1_100' title='bbox 862 2262 975 2345; x_wconf 65' lang='lat'>535,</span> <span class='ocrx_word' id='word_1_101' title='bbox 1010 2265 1212 2356; x_wconf 76' lang='grc' dir='ltr'><strong><em>κλιμακηδόν</em></strong></span> 
     </span>
     <span class='ocr_line' id='line_1_14' title="bbox 148 2388 1215 2479; baseline 0.003 -21"><span class='ocrx_word' id='word_1_102' title='bbox 148 2419 223 2459; x_wconf 66' lang='lat' dir='ltr'>m,</span> <span class='ocrx_word' id='word_1_103' title='bbox 239 2391 267 2458; x_wconf 85' lang='lat' dir='ltr'>t.</span> <span class='ocrx_word' id='word_1_104' title='bbox 304 2388 440 2478; x_wconf 86' lang='lat' dir='ltr'>Insuper</span> <span class='ocrx_word' id='word_1_105' title='bbox 463 2388 606 2479; x_wconf 86' lang='lat' dir='ltr'>spatium</span> <span class='ocrx_word' id='word_1_106' title='bbox 629 2388 714 2457; x_wconf 87' lang='lat' dir='ltr'>inter</span> <span class='ocrx_word' id='word_1_107' title='bbox 737 2389 869 2478; x_wconf 84' lang='lat' dir='ltr'>Sigeum</span> <span class='ocrx_word' id='word_1_108' title='bbox 891 2401 924 2460; x_wconf 90' lang='lat' dir='ltr'>et</span> <span class='ocrx_word' id='word_1_109' title='bbox 947 2390 1129 2460; x_wconf 88' lang='lat' dir='ltr'>Rhoeteum</span> <span class='ocrx_word' id='word_1_110' title='bbox 1152 2392 1215 2461; x_wconf 90' lang='lat' dir='ltr'>luit</span> 
     </span>
     <span class='ocr_line' id='line_1_15' title="bbox 147 2511 423 2584; baseline -0.022 0"><span class='ocrx_word' id='word_1_111' title='bbox 147 2511 423 2584; x_wconf 76' lang='lat' dir='ltr'>semicirculare.»</span> 
     </span>
    </p>

    <p class='ocr_par' dir='ltr' id='par_1_5' title="bbox 146 2633 1215 3727">
     <span class='ocr_line' id='line_1_16' title="bbox 194 2633 1213 2730; baseline 0.01 -28"><span class='ocrx_word' id='word_1_112' title='bbox 194 2633 297 2714; x_wconf 83' lang='lat' dir='ltr'>Quum</span> <span class='ocrx_word' id='word_1_113' title='bbox 333 2635 526 2726; x_wconf 78' lang='lat' dir='ltr'>sententiam</span> <span class='ocrx_word' id='word_1_114' title='bbox 561 2636 588 2705; x_wconf 90' lang='lat' dir='ltr'>si</span> <span class='ocrx_word' id='word_1_115' title='bbox 623 2658 786 2729; x_wconf 87' lang='lat' dir='ltr'>compono</span> <span class='ocrx_word' id='word_1_116' title='bbox 822 2660 897 2708; x_wconf 93' lang='lat' dir='ltr'>cum</span> <span class='ocrx_word' id='word_1_117' title='bbox 932 2640 1084 2730; x_wconf 92' lang='lat' dir='ltr'>opinione</span> <span class='ocrx_word' id='word_1_118' title='bbox 1108 2642 1213 2712; x_wconf 91' lang='lat' dir='ltr'>Buch-</span> 
     </span>
     <span class='ocr_line' id='line_1_17' title="bbox 146 2758 1209 2850; baseline 0.009 -24"><span class='ocrx_word' id='word_1_119' title='bbox 146 2758 264 2838; x_wconf 88' lang='lat' dir='ltr'>holzii,</span> <span class='ocrx_word' id='word_1_120' title='bbox 290 2780 373 2849; x_wconf 89' lang='lat' dir='ltr'>quae</span> <span class='ocrx_word' id='word_1_121' title='bbox 389 2759 423 2830; x_wconf 95' lang='lat' dir='ltr'>in</span> <span class='ocrx_word' id='word_1_122' title='bbox 439 2780 538 2850; x_wconf 90' lang='lat' dir='ltr'>opere</span> <span class='ocrx_word' id='word_1_123' title='bbox 552 2761 608 2831; x_wconf 88' lang='lat' dir='ltr'>Die</span> <span class='ocrx_word' id='word_1_124' title='bbox 625 2762 853 2832; x_wconf 82' lang='lat' dir='ltr'>homerischen</span> <span class='ocrx_word' id='word_1_125' title='bbox 867 2764 996 2834; x_wconf 72' lang='lat' dir='ltr'>Realidn</span> <span class='ocrx_word' id='word_1_126' title='bbox 1009 2763 1079 2836; x_wconf 86' lang='lat' dir='ltr'>Vol.</span> <span class='ocrx_word' id='word_1_127' title='bbox 1096 2767 1126 2848; x_wconf 90' lang='grc' dir='ltr'>Ι,</span> <span class='ocrx_word' id='word_1_128' title='bbox 1146 2768 1179 2836; x_wconf 91' lang='lat' dir='ltr'>P.</span> <span class='ocrx_word' id='word_1_129' title='bbox 1193 2768 1209 2836; x_wconf 90' lang='lat' dir='ltr'>l</span> 
     </span>
     <span class='ocr_line' id='line_1_18' title="bbox 146 2881 1214 2973; baseline 0.012 -24"><span class='ocrx_word' id='word_1_130' title='bbox 146 2905 182 2973; x_wconf 85' lang='lat' dir='ltr'>p.</span> <span class='ocrx_word' id='word_1_131' title='bbox 206 2881 272 2950; x_wconf 81' lang='lat' dir='ltr'>3n5</span> <span class='ocrx_word' id='word_1_132' title='bbox 295 2903 366 2973; x_wconf 88' lang='lat' dir='ltr'>sqq.</span> <span class='ocrx_word' id='word_1_133' title='bbox 401 2883 573 2967; x_wconf 88' lang='lat' dir='ltr'>invenitur,</span> <span class='ocrx_word' id='word_1_134' title='bbox 597 2885 686 2956; x_wconf 89' lang='lat' dir='ltr'>hisce</span> <span class='ocrx_word' id='word_1_135' title='bbox 710 2887 816 2958; x_wconf 88' lang='lat' dir='ltr'>verbis</span> <span class='ocrx_word' id='word_1_136' title='bbox 839 2890 1022 2965; x_wconf 87' lang='lat' dir='ltr'>enuntiata:</span> <span class='ocrx_word' id='word_1_137' title='bbox 1061 2893 1214 2964; x_wconf 80' lang='lat' dir='ltr'>uMaxime</span> 
     </span>
     <span class='ocr_line' id='line_1_19' title="bbox 147 3008 1215 3105; baseline 0.008 -28"><span class='ocrx_word' id='word_1_138' title='bbox 147 3008 256 3078; x_wconf 89' lang='lat' dir='ltr'>ordini</span> <span class='ocrx_word' id='word_1_139' title='bbox 286 3008 548 3100; x_wconf 85' lang='lat' dir='ltr'>amphitheatrali</span> <span class='ocrx_word' id='word_1_140' title='bbox 571 3023 688 3081; x_wconf 88' lang='lat' dir='ltr'>natura</span> <span class='ocrx_word' id='word_1_141' title='bbox 711 3013 838 3083; x_wconf 85' lang='lat' dir='ltr'>favebat</span> <span class='ocrx_word' id='word_1_142' title='bbox 862 3024 968 3084; x_wconf 87' lang='lat' dir='ltr'>terrae</span> <span class='ocrx_word' id='word_1_143' title='bbox 996 3036 1079 3105; x_wconf 90' lang='lat' dir='ltr'>quae</span> <span class='ocrx_word' id='word_1_144' title='bbox 1103 3017 1142 3086; x_wconf 91' lang='lat' dir='ltr'>ad</span> <span class='ocrx_word' id='word_1_145' title='bbox 1164 3038 1215 3086; x_wconf 87' lang='lat' dir='ltr'>re-</span> 
     </span>
     <span class='ocr_line' id='line_1_20' title="bbox 148 3132 1212 3234; baseline 0.01 -34"><span class='ocrx_word' id='word_1_146' title='bbox 148 3132 254 3224; x_wconf 86' lang='lat' dir='ltr'>gionis</span> <span class='ocrx_word' id='word_1_147' title='bbox 286 3133 440 3204; x_wconf 84' lang='lat' dir='ltr'>interiora</span> <span class='ocrx_word' id='word_1_148' title='bbox 471 3156 585 3204; x_wconf 84' lang='lat' dir='ltr'>ver-sus</span> <span class='ocrx_word' id='word_1_149' title='bbox 615 3136 731 3206; x_wconf 90' lang='lat' dir='ltr'>leniter</span> <span class='ocrx_word' id='word_1_150' title='bbox 753 3138 985 3221; x_wconf 74' lang='lat' dir='ltr'>ascendebat»,</span> <span class='ocrx_word' id='word_1_151' title='bbox 1011 3141 1121 3210; x_wconf 89' lang='lat' dir='ltr'>nescio</span> <span class='ocrx_word' id='word_1_152' title='bbox 1145 3163 1212 3234; x_wconf 92' lang='lat' dir='ltr'>quo</span> 
     </span>
     <span class='ocr_line' id='line_1_21' title="bbox 148 3260 1209 3353; baseline 0.009 -27"><span class='ocrx_word' id='word_1_153' title='bbox 148 3279 202 3328; x_wconf 90' lang='lat' dir='ltr'>me</span> <span class='ocrx_word' id='word_1_154' title='bbox 227 3268 360 3328; x_wconf 87' lang='lat' dir='ltr'>vertam.</span> <span class='ocrx_word' id='word_1_155' title='bbox 406 3260 503 3330; x_wconf 81' lang='lat' dir='ltr'>Addit</span> <span class='ocrx_word' id='word_1_156' title='bbox 537 3261 623 3330; x_wconf 92' lang='lat' dir='ltr'>enim</span> <span class='ocrx_word' id='word_1_157' title='bbox 659 3261 783 3353; x_wconf 90' lang='lat' dir='ltr'>Haspcr</span> <span class='ocrx_word' id='word_1_158' title='bbox 813 3265 875 3332; x_wconf 86' lang='lat' dir='ltr'>l.l.:</span> <span class='ocrx_word' id='word_1_159' title='bbox 910 3265 1040 3334; x_wconf 74' lang='lat' dir='ltr'>«Murus</span> <span class='ocrx_word' id='word_1_160' title='bbox 1066 3275 1098 3334; x_wconf 91' lang='lat' dir='ltr'>et</span> <span class='ocrx_word' id='word_1_161' title='bbox 1121 3267 1209 3336; x_wconf 89' lang='lat' dir='ltr'>lossa</span> 
     </span>
     <span class='ocr_line' id='line_1_22' title="bbox 147 3383 1210 3481; baseline 0.01 -31"><span class='ocrx_word' id='word_1_162' title='bbox 147 3391 310 3452; x_wconf 85' lang='lat' dir='ltr'>extremos</span> <span class='ocrx_word' id='word_1_163' title='bbox 344 3383 577 3454; x_wconf 85' lang='lat' dir='ltr'>commiserunt</span> <span class='ocrx_word' id='word_1_164' title='bbox 609 3388 700 3456; x_wconf 93' lang='lat' dir='ltr'>locos</span> <span class='ocrx_word' id='word_1_165' title='bbox 732 3387 920 3471; x_wconf 88' lang='lat' dir='ltr'>semiorbis,</span> <span class='ocrx_word' id='word_1_166' title='bbox 956 3389 989 3458; x_wconf 93' lang='lat' dir='ltr'>in</span> <span class='ocrx_word' id='word_1_167' title='bbox 1013 3412 1079 3481; x_wconf 93' lang='lat' dir='ltr'>quo</span> <span class='ocrx_word' id='word_1_168' title='bbox 1103 3392 1210 3461; x_wconf 92' lang='lat' dir='ltr'>medio</span> 
     </span>
     <span class='ocr_line' id='line_1_23' title="bbox 146 3503 1212 3606; baseline 0.006 -30"><span class='ocrx_word' id='word_1_169' title='bbox 146 3509 189 3577; x_wconf 87' lang='lat' dir='ltr'>ad</span> <span class='ocrx_word' id='word_1_170' title='bbox 213 3508 335 3600; x_wconf 80' lang='lat' dir='ltr'>Ulyssis</span> <span class='ocrx_word' id='word_1_171' title='bbox 366 3531 463 3580; x_wconf 89' lang='lat' dir='ltr'>naves</span> <span class='ocrx_word' id='word_1_172' title='bbox 488 3512 675 3581; x_wconf 90' lang='lat' dir='ltr'>collocanda</span> <span class='ocrx_word' id='word_1_173' title='bbox 700 3524 778 3581; x_wconf 92' lang='lat' dir='ltr'>sunt</span> <span class='ocrx_word' id='word_1_174' title='bbox 800 3512 883 3582; x_wconf 88' lang='lat' dir='ltr'>Iovis</span> <span class='ocrx_word' id='word_1_175' title='bbox 900 3514 1018 3582; x_wconf 88' lang='lat' dir='ltr'>altaria</span> <span class='ocrx_word' id='word_1_176' title='bbox 1050 3503 1096 3604; x_wconf 76' lang='grc' dir='ltr'>(Θ</span> <span class='ocrx_word' id='word_1_177' title='bbox 1120 3513 1212 3606; x_wconf 78' lang='lat' dir='ltr'>nlo),</span> 
     </span>
     <span class='ocr_line' id='line_1_24' title="bbox 147 3633 1208 3727; baseline 0.003 -27"><span class='ocrx_word' id='word_1_178' title='bbox 147 3633 205 3701; x_wconf 94' lang='lat' dir='ltr'>uhi</span> <span class='ocrx_word' id='word_1_179' title='bbox 232 3654 365 3725; x_wconf 92' lang='lat' dir='ltr'>quoque</span> <span class='ocrx_word' id='word_1_180' title='bbox 377 3635 506 3705; x_wconf 78' lang='lat' dir='ltr'>Achivis</span> <span class='ocrx_word' id='word_1_181' title='bbox 518 3637 628 3706; x_wconf 84' lang='lat' dir='ltr'>lorum</span> <span class='ocrx_word' id='word_1_182' title='bbox 641 3646 710 3706; x_wconf 87' lang='lat' dir='ltr'>erat</span> <span class='ocrx_word' id='word_1_183' title='bbox 723 3658 759 3706; x_wconf 89' lang='lat' dir='ltr'>ao</span> <span class='ocrx_word' id='word_1_184' title='bbox 776 3636 946 3705; x_wconf 86' lang='lat' dir='ltr'>dicebatur</span> <span class='ocrx_word' id='word_1_185' title='bbox 961 3638 1012 3705; x_wconf 91' lang='lat' dir='ltr'>ius</span> <span class='ocrx_word' id='word_1_186' title='bbox 1032 3635 1208 3727; x_wconf 59' lang='lat' dir='ltr'>(sa-807.»</span> 
     </span>
    </p>

    <p class='ocr_par' dir='ltr' id='par_1_6' title="bbox 146 3759 1221 4100">
     <span class='ocr_line' id='line_1_25' title="bbox 194 3759 1221 3854; baseline 0.002 -28"><span class='ocrx_word' id='word_1_187' title='bbox 194 3759 236 3826; x_wconf 84' lang='lat' dir='ltr'>ht</span> <span class='ocrx_word' id='word_1_188' title='bbox 266 3759 454 3848; x_wconf 90' lang='lat' dir='ltr'>longissime</span> <span class='ocrx_word' id='word_1_189' title='bbox 478 3760 570 3830; x_wconf 87' lang='lat' dir='ltr'>abest</span> <span class='ocrx_word' id='word_1_190' title='bbox 594 3771 639 3829; x_wconf 91' lang='lat' dir='ltr'>ut.</span> <span class='ocrx_word' id='word_1_191' title='bbox 654 3771 783 3850; x_wconf 85' lang='lat' dir='ltr'>egomet</span> <span class='ocrx_word' id='word_1_192' title='bbox 806 3761 885 3830; x_wconf 82' lang='lat' dir='ltr'>istas</span> <span class='ocrx_word' id='word_1_193' title='bbox 908 3760 981 3829; x_wconf 85' lang='lat' dir='ltr'>lites</span> <span class='ocrx_word' id='word_1_194' title='bbox 1006 3782 1221 3854; x_wconf 15' lang='lat' dir='ltr'>componam.-</span> 
     </span>
     <span class='ocr_line' id='line_1_26' title="bbox 147 3882 1212 3975; baseline 0.004 -25"><span class='ocrx_word' id='word_1_195' title='bbox 147 3882 218 3950; x_wconf 91' lang='lat' dir='ltr'>Hoc</span> <span class='ocrx_word' id='word_1_196' title='bbox 252 3892 380 3952; x_wconf 91' lang='lat' dir='ltr'>tantum</span> <span class='ocrx_word' id='word_1_197' title='bbox 414 3893 529 3954; x_wconf 89' lang='lat' dir='ltr'>notare</span> <span class='ocrx_word' id='word_1_198' title='bbox 563 3883 675 3953; x_wconf 88' lang='lat' dir='ltr'>velim:</span> <span class='ocrx_word' id='word_1_199' title='bbox 711 3884 743 3955; x_wconf 91' lang='lat' dir='ltr'>Si</span> <span class='ocrx_word' id='word_1_200' title='bbox 776 3904 851 3954; x_wconf 88' lang='lat' dir='ltr'>vere</span> <span class='ocrx_word' id='word_1_201' title='bbox 875 3884 953 3954; x_wconf 91' lang='lat' dir='ltr'>dicit</span> <span class='ocrx_word' id='word_1_202' title='bbox 975 3885 1116 3975; x_wconf 86' lang='lat' dir='ltr'>Hasper,</span> <span class='ocrx_word' id='word_1_203' title='bbox 1141 3885 1212 3954; x_wconf 89' lang='lat' dir='ltr'>loca</span> 
     </span>
     <span class='ocr_line' id='line_1_27' title="bbox 146 4007 1212 4100; baseline 0.001 -24"><span class='ocrx_word' id='word_1_204' title='bbox 146 4007 344 4097; x_wconf 87' lang='lat' dir='ltr'>campestria</span> <span class='ocrx_word' id='word_1_205' title='bbox 379 4028 437 4077; x_wconf 87' lang='lat' dir='ltr'>ora</span> <span class='ocrx_word' id='word_1_206' title='bbox 466 4007 628 4078; x_wconf 89' lang='lat' dir='ltr'>maritima</span> <span class='ocrx_word' id='word_1_207' title='bbox 657 4029 724 4079; x_wconf 91' lang='lat' dir='ltr'>non</span> <span class='ocrx_word' id='word_1_208' title='bbox 754 4020 896 4100; x_wconf 88' lang='lat' dir='ltr'>possunt</span> <span class='ocrx_word' id='word_1_209' title='bbox 925 4009 1026 4079; x_wconf 88' lang='lat' dir='ltr'>luisse</span> <span class='ocrx_word' id='word_1_210' title='bbox 1048 4009 1212 4092; x_wconf 80' lang='lat' dir='ltr'>&#39;editiora3</span> 
     </span>
    </p>
   </div>
   <div class='ocr_carea' id='block_1_5' title="bbox 147 4131 1213 4308">
    <p class='ocr_par' dir='ltr' id='par_1_7' title="bbox 147 4131 1213 4308">
     <span class='ocr_line' id='line_1_28' title="bbox 147 4131 1213 4215; baseline -0.002 -12"><span class='ocrx_word' id='word_1_211' title='bbox 147 4132 199 4205; x_wconf 88' lang='lat' dir='ltr'>sin</span> <span class='ocrx_word' id='word_1_212' title='bbox 229 4142 339 4202; x_wconf 87' lang='lat' dir='ltr'>aulem</span> <span class='ocrx_word' id='word_1_213' title='bbox 368 4133 565 4203; x_wconf 84' lang='lat' dir='ltr'>buchholzio</span> <span class='ocrx_word' id='word_1_214' title='bbox 594 4133 839 4203; x_wconf 87' lang='lat' dir='ltr'>assentiendum</span> <span class='ocrx_word' id='word_1_215' title='bbox 863 4134 921 4215; x_wconf 87' lang='lat' dir='ltr'>sit,</span> <span class='ocrx_word' id='word_1_216' title='bbox 947 4143 1053 4204; x_wconf 85' lang='lat' dir='ltr'>castra</span> <span class='ocrx_word' id='word_1_217' title='bbox 1076 4131 1213 4201; x_wconf 82' lang='lat' dir='ltr'>Achivo-</span> 
     </span>
     <span class='ocr_line' id='line_1_29' title="bbox 1101 4239 1124 4308; baseline 0 0"><span class='ocrx_word' id='word_1_218' title='bbox 1101 4239 1124 4308; x_wconf 81' lang='lat'><strong>3</strong></span> 
     </span>
    </p>
   </div>
   <div class='ocr_carea' id='block_1_6' title="bbox 0 0 1602 5292">
    <p class='ocr_par' dir='ltr' id='par_1_8' title="bbox 0 0 1602 5292">
     <span class='ocr_line' id='line_1_30' title="bbox 0 0 1602 5292; baseline 0 1"><span class='ocrx_word' id='word_1_219' title='bbox 0 0 1602 5292; x_wconf 95' lang='lat' dir='ltr'> </span> 
     </span>
    </p>
   </div>
  </div>
 </body>
</html>
