3162 5294
659 703 702 772 75

153 924 187 1013 e)
215 920 246 990 9.
270 927 349 991 ὥστε
373 926 619 1010 ἀποστραφῆναι
645 929 718 1002 τούς
741 929 863 1003 ἵππους
886 931 929 1004 ὠς
945 931 999 996 ἐπὶ
1016 928 1209 1011 rhoffi-toa.

266 1049 396 1116 ἐόονται
421 1049 455 1115 δὲ
468 1037 535 1115 ‘out
560 1052 592 1116 oi
612 1053 737 1138 ἡνίοχοι
762 1053 804 1127 ὥς
826 1056 879 1118 ἐπὶ
892 1057 951 1138 τὴν
964 1053 1063 1121 πόλιν
1076 1078 1209 1141 carpop-

263 1169 364 1259 μένοι.

208 1297 241 1364 3.
264 1303 320 1367 τὸν
353 1301 413 1386 γὰρ
445 1303 577 1384 ἡνίοχον
611 1299 739 1387 (φησιν,
768 1299 835 1368 scil.
863 1301 1094 1395 Ἀρίσταρχος)
1127 1307 1208 1374 α’πε-

265 1431 430 1511 οτράφθαι
465 1428 543 1513 πρὸς
573 1431 608 1493 τὸ
639 1428 751 1496 πεδίον
784 1431 839 1497 καὶ
873 1433 946 1508 τους
979 1436 1117 1511 ἵππους,
1150 1430 1206 1498 ubi

265 1547 377 1617 ordine
400 1547 528 1616 inverso
541 1548 668 1619 malim:
683 1558 738 1620 καὶ
755 1558 828 1633 τους
840 1559 962 1633 ἵππους
979 1559 1207 1643 ἀπεστράφθαι

263 1678 342 1763 πρὸς
366 1679 401 1742 τὸ
423 1677 551 1745 πεδίον.

151 1806 183 1894 l')
204 1801 235 1870 2.
260 1807 291 1872 οἱ
312 1805 347 1871 δὲ
372 1809 562 1892 παραβάται
594 1803 767 1883 σκέποντες
795 1808 913 1883 αὐτούς
937 1812 1004 1893 ἅμα
1031 1813 1086 1874 καὶ
1109 1814 1210 1894 μαχό-

263 1957 364 2017 μενοι.

207 2054 238 2124 3.
263 2058 319 2125 τόν
344 2058 378 2124 δὲ
409 2060 620 2144 παραιβάτην
651 2059 729 2144 πρὸς
760 2062 818 2135 τὰς
842 2065 921 2134 ναῦς
948 2054 1029 2144 (scil.
1055 2059 1211 2144 ἀπεστρά-

265 2181 364 2272 φθαι)
391 2185 445 2252 ἐπὶ
469 2188 524 2251 τοῦ
549 2185 673 2271 δίφρου.

197 2309 362 2390 Quorsum
392 2328 466 2377 vero
493 2306 573 2376 haec
596 2307 794 2377 scholiorum
818 2307 962 2376 membra
985 2306 1144 2377 disiectat
1168 2309 1211 2380 Ut

152 2435 226 2502 luce
261 2431 378 2500 clarius
411 2431 485 2513 hat,
522 2441 588 2500 tres
611 2430 680 2501 illas
704 2442 798 2502 notas
823 2432 993 2502 simillimis
1016 2434 1082 2502 lere
1104 2433 1210 2505 vorbis

151 2559 238 2629 idem
274 2558 434 2650 proelium
459 2557 650 2662 describere.
697 2557 833 2629 Criticus
857 2559 1108 2642 Alexandrinus,
1133 2570 1171 2630 ut
1194 2581 1212 2630 e

154 2686 257 2756 schol.
282 2686 319 2752 A
342 2686 383 2755 ad
409 2684 522 2753 0449
548 2684 714 2768 novimus,
745 2686 806 2756 hos
831 2707 943 2756 versus
967 2697 1059 2755 antea
1080 2685 1211 2777 quidem

153 2811 309 2894 reiectos,
334 2821 447 2902 postea
471 2819 579 2880 tamen
597 2809 768 2880 vindicavit
780 2811 812 2880 in
825 2811 1051 2912 dissertatione
1063 2811 1103 2880 de
1115 2832 1210 2880 nava-

153 2937 256 3017 tibus,
285 2936 511 3005 demonstrans
535 2944 575 3006 τὰ
600 2948 655 3023 τῆς
678 2940 802 3027 πληγῆς
827 2941 1213 3009 οοοοοεοάααιόλοοθα.

154 3064 254 3156 htqui
279 3085 390 3155 parem
412 3062 577 3155 pugnandi
596 3063 731 3131 modum
746 3063 948 3152 similemque
962 3062 1103 3131 vulneris
1115 3061 1214 3131 ratio·

154 3213 230 3262 nom
264 3189 396 3281 exponit
430 3189 530 3258 schol.
567 3195 601 3254 B
624 3188 664 3257 ad
689 3195 715 3256 0
738 3187 803 3256 385
836 3227 880 3238 -
915 3187 971 3255 uhi
1006 3187 1212 3257 Aristarchus

151 3319 224 3410 ipse
247 3314 438 3386 nominatim
461 3314 621 3395 laudatur,
644 3312 782 3402 legimus
807 3312 890 3382 enirn
915 3340 1011 3404 φησιν
1032 3315 1213 3402 Ἀρίσταρ-

155 3474 210 3536 χος
241 3479 274 3494 -
300 3452 332 3510 et
356 3441 399 3509 ita
424 3439 573 3530 quidem,
599 3449 636 3507 ut
660 3438 824 3507 conclusio
848 3439 926 3508 haec
950 3440 1009 3509 sit:
1043 3445 1093 3510 διὸ
1118 3448 1214 3510 καὶὸ

154 3575 287 3662 ἡνίοχος
298 3570 580 3655 Πουλυδάμαντος
593 3568 731 3648 Κλεῖτος
744 3574 828 3637 κατὰ
841 3573 897 3638 τὸν
911 3567 1034 3659 αὐχένα
1047 3571 1212 3657 τέτρωται.

153 3695 266 3785 Neque
302 3693 380 3761 haec
415 3691 572 3761 sententia
608 3690 713 3760 differt
746 3692 786 3761 ab
820 3681 865 3762 ea'
893 3715 991 3783 quarn
1015 3693 1157 3785 scriptor
1179 3695 1213 3762 in

154 3818 332 3909 scriptione
376 3817 501 3908 perdita
548 3817 709 3886 tuebatur.
763 3818 876 3909 ltaque
921 3820 1208 3911 persuasissimum

151 3943 277 4025 habeo,
304 3943 404 4012 schol.
430 3950 464 4009 B
484 3943 522 4012 ad
545 3941 656 4012 0385
678 3942 833 4016 haustum
858 3946 957 4015 luisse
982 3967 1017 4014 ex
1039 3944 1215 4015 Aristarchi

157 4073 430 4144 commentatione
454 4077 605 4161 περὶτοῦ
631 4078 851 4160 ναυστάθμου.

205 4199 360 4270 Ceterum
385 4199 485 4269 schol.
510 4200 547 4266 A
571 4198 611 4268 ad
637 4196 742 4266 0385
754 4208 786 4266 et
798 4197 870 4266 linis
884 4196 996 4266 scholii
1009 4197 1044 4261 A
1059 4195 1099 4264 ad
1113 4193 1215 4263 0449
