3162 5294
880 630 924 700 tto

375 843 432 914 sed
457 842 697 935 appellativum.
736 844 916 915 Verisimile
941 843 1096 935 denique,
1126 843 1274 915 criticum
1297 846 1449 916 clarissi-

378 992 470 1040 mum
494 970 687 1041 testimoniis
710 971 828 1042 additis
851 971 916 1042 vim
938 970 1084 1041 adiectivi
1109 973 1450 1053 cuaaoemanisestam

377 1098 512 1168 reddere
534 1096 687 1168 voluisse.
718 1097 791 1168 Non
813 1097 929 1167 iniuria
953 1097 1056 1188 igitur
1080 1098 1206 1190 opinari
1229 1120 1326 1191 posse
1353 1099 1449 1169 vide-

377 1243 460 1305 mur,
484 1243 560 1292 eum
583 1222 617 1291 in
640 1224 912 1294 commentatione
934 1225 1154 1294 denavalibus
1168 1225 1338 1317 scripsisse
1355 1247 1447 1317 quoe

377 1349 478 1418 schol.
503 1349 529 1417 A
552 1348 593 1417 ad
617 1356 662 1414 M
680 1347 744 1417 ⁶239
768 1348 888 1422 allerat.
924 1350 1018 1430 Quod
1047 1350 1073 1418 si
1098 1372 1230 1433 verum,
1254 1352 1336 1422 haec
1364 1362 1447 1420 nota

377 1476 415 1546 iis
442 1497 525 1569 quae
548 1475 608 1544 hac
631 1475 664 1544 in
679 1476 882 1568 paragrapho
895 1498 967 1567 pag.
982 1476 1024 1546 ὃν
1039 1477 1367 1559 conieci,inserenda
1382 1485 1447 1546 est.
1488 1510 1491 1516 ’

431 1603 476 1671 Ι)ο
510 1601 628 1694 plurali
662 1601 857 1672 substantivi
893 1605 994 1674 πύλαι
1029 1624 1166 1672 numero
1198 1604 1238 1672 cl.
1270 1613 1448 1695 praeterea

380 1730 479 1802 schol.
504 1731 530 1798 A
554 1729 594 1798 ad
618 1726 740 1810 1383,
766 1736 811 1794 Μ
830 1727 909 1809 tto,
936 1727 1016 1809 tot,
1041 1727 1107 1796 tto
1129 1749 1167 1797 ac
1191 1728 1231 1796 de
1255 1749 1319 1796 usu
1344 1747 1447 1806 voca,-

381 1855 449 1925 nun
474 1863 574 1946 οοροι
598 1855 624 1925 A
648 1855 687 1924 aa
711 1853 819 1923 ιντο
842 1864 875 1923 ο
898 1853 928 1924 s
952 1851 1027 1922 rer.

833 2173 954 2267 ,μοι

751 2463 799 2533 De
828 2484 905 2552 apro
937 2462 1083 2531 Troiano.

425 2734 605 2806 Perfunctis
637 2732 731 2802 nobis
765 2730 984 2823 disputatione
1008 2731 1047 2800 de
1071 2730 1141 2820 ipsa
1165 2725 1260 2812 orbe,
1288 2731 1443 2821 deinceps

380 2860 590 2933 examinanda
614 2869 691 2928 sunt
713 2857 832 2926 scholia
858 2858 897 2926 de
920 2857 993 2946 sago
1021 2856 1102 2946 (sive
1125 2856 1234 2948 potins
1259 2858 1299 2927 de
1313 2849 1442 2949 quercu

381 2988 510 3068 esculo,
534 2985 598 3054 vn.
622 2963 839 3052 nichholaus
863 2983 885 3051 r.
911 2981 941 3050 t.
966 2980 1048 3064 ene,
1073 2982 1130 3072 qur
1152 2981 1263 3050 raudai
1286 2981 1442 3072 Miquettii

381 3115 510 3186 Floram
543 3110 780 3200 Homericam),
813 3110 853 3178 de
876 3108 912 3176 lli
936 3110 1104 3198 sepulcre,
1127 3106 1381 3177 de·Callicolone
1407 3117 1441 3176 ct

382 3244 421 3313 de
445 3239 650 3312 Scamandro.

426 3367 620 3458 incipiamus
654 3363 755 3454 igitur
789 3361 829 3432 ab
864 3359 938 3428 libri
974 3357 1103 3450 septimi
1128 3379 1174 3426 vs.
1198 3356 1241 3425 to
1267 3378 1357 3447 sqq„
1383 3354 1440 3426 ubi

382 3501 477 3584 poeta
502 3490 563 3559 sic:

514 3613 585 3704 τῇδ’
612 3613 695 3698 (scil.
719 3610 890 3701 Minervae)
916 3617 1027 3690 οὶντίος
1052 3607 1168 3696 ὤρνυτ’
1193 3608 1371 3680 Ἀπόλλων

511 3749 687 3826 Περγάμου
701 3740 901 3820 ἐκκατιδών,
917 3731 1058 3826 Τρὼτοοι
1072 3739 1106 3806 δὲ
1117 3736 1251 3826 βούλετο
1265 3739 1372 3823 νίκην.

516 3866 683 3951 ἀλλήλοισι
719 3865 753 3932 δὲ
789 3873 870 3947 τώγε
904 3864 1132 3951 συναντέσθην
1157 3862 1246 3947 παρὰ
1267 3867 1374 3948 φηγῷ.

425 3992 473 4062 Ad
496 4003 701 4082 postremum
725 4011 855 4058 versum
878 3988 911 4056 in
934 3988 1056 4057 Veneto
1081 3987 1106 4054 A
1130 3985 1265 4074 legitur:

382 4128 402 4206 η’
429 4119 544 4204 διπλῆ,
580 4122 631 4187 ὅτι
663 4120 725 4204 πρὸ
756 4123 822 4186 τῶν
852 4118 967 4186 πολῶν
1002 4123 1061 4201 τὴν
1085 4121 1189 4204 φηγὸν
1213 4119 1335 4201 ταύτην
1358 4117 1438 4181 ὖπο·
