3162 5294
546 703 675 812 ¹oo

140 913 244 997 chum,
269 916 422 1008 quoniam
447 927 504 990 rot
526 927 658 1011 πρῶτον
682 927 793 1014 στίχον
815 926 881 996 τῶν
897 931 984 1016 νηῶν
1002 926 1122 996 mentio
1138 929 1185 997 srt.

176 1040 271 1121 «Quia
294 1042 437 1132 piscatus
453 1066 526 1115 meo
539 1047 670 1137 quidem
684 1046 810 1118 animos
827 1070 892 1119 non
909 1052 1032 1121 revenit
1046 1052 1184 1134 bonus»,

136 1177 197 1235 rete
218 1167 332 1237 iaciam
355 1168 445 1238 alibi
1003 1157 1006 1164 ¹

620 1421 690 1512 57.
765 1455 767 1462 ¹

416 1669 462 1740 Do
484 1673 641 1770 locutione
664 1673 713 1746 ἐπ’
740 1679 900 1767 ἀριστερά.

176 1918 208 1986 In
240 1917 346 1988 Iliadis
381 1919 464 1990 libro
489 1921 750 2005 tertiodecimo,
775 1926 831 1994 ubi
855 1928 1054 1999 describitur.
1077 1952 1186 2022 pugna

137 2045 172 2114 ad
193 2066 306 2127 naves,
330 2068 376 2116 vs.
402 2045 466 2115 673
491 2069 539 2138 sq.
563 2049 721 2138 legimus:

196 2177 238 2253 ὥς
261 2176 373 2258 οἱμὲν
396 2183 563 2264 μάρναντο
588 2174 689 2264 δέμας
712 2183 813 2266 πορὸς
836 2182 1040 2268 αἰθομένοιο.

196 2299 325 2389 Ἕκτωρ
349 2299 379 2367 δ’
402 2301 460 2369 οὐκ
485 2301 647 2371 ἐπέπυστο
672 2303 834 2389 driutius,
859 2306 934 2374 οὐδὲ
958 2335 990 2374 τι
1012 2308 1094 2394 ᾔδη,

136 2431 137 2436 ’
195 2429 265 2494 ὅττι
290 2430 331 2513 ῥα
354 2430 386 2494 οἱ
410 2432 499 2516 νηῶν
524 2427 576 2498 ἐπ’
601 2432 753 2518 ἀριστερὰ
776 2431 933 2520 δηιόωντο

197 2551 268 2620 λαοὶ
292 2549 348 2620 ὑπ’
371 2553 548 2640 Ἀργείων.

138 2673 233 2746 Schoi.
257 2676 307 2748 BL
324 2676 364 2747 ad
381 2683 422 2745 N
435 2675 501 2746 675
525 2677 678 2747 afferunt:

45 2847 46 2904 ρ
139 2802 182 2868 ἐπ’
216 2808 368 2893 ἀριστερὰ
396 2814 451 2874 τοῦ
475 2803 655 2892 Ἕκτορος,
681 2805 718 2873 οὐ
743 2813 798 2874 τοῦ
822 2813 972 2893 στρατοῦ·
998 2813 1026 2875 ei
1048 2811 1109 2894 γὰρ
1134 2804 1184 2875 ἐπ’

138 2931 306 3019 ἀριστεροῖς
338 2936 424 3002 ἐστὶν
448 2940 469 3018 ἡ
491 2931 593 3018 πύλη,
629 2928 673 2999 δι’
703 2919 740 3015 ἧς
764 2930 932 3015 εἰσῆλθεν,
955 2929 1120 3020 αὐτόπτης
1140 2936 1186 2998 ’ἂν

121 3031 276 3140 ’ἐγένετο

45 3163 47 3170 ’
138 3177 252 3262 idest,
279 3177 306 3246 si
330 3187 417 3246 recte
442 3177 781 3270 saiteminterpretor:
809 3178 990 3268 «Siquidem
1004 3188 1113 3269 porta,
1128 3199 1188 3269 per

45 3299 46 3326 ³
139 3324 227 3392 quam
257 3302 404 3384 intravit,
438 3304 478 3371 ad
502 3303 666 3373 sinistram
690 3315 757 3385 cst,
783 3304 874 3372 testis
899 3304 1048 3372 oculatus
1071 3303 1188 3373 fuisset

45 3409 47 3484 ὲ
141 3427 177 3516 (si
205 3432 255 3501 ἐπ’
291 3429 441 3519 ἀριστερά
463 3428 526 3498 hoc
548 3429 621 3498 loco
646 3427 839 3519 signiticaret
862 3427 1059 3498 Graecorum
1084 3449 1186 3498 cornu

45 3583 46 3662 ρ
139 3554 324 3647 sinistrum).
369 3555 481 3646 Itaque
504 3555 543 3624 ad
566 3554 739 3624 Hectorem
761 3553 874 3623 reterri
897 3553 1022 3622 debet.»

45 3669 47 3686 ’
176 3679 289 3770 Liquet
310 3679 504 3771 principium
533 3679 631 3749 huius
655 3691 752 3750 notae
783 3681 848 3749 hoc
873 3700 961 3750 esse:
990 3679 1187 3750 Achivorum

45 3787 46 3812 ³
139 3814 313 3876 castrorum
327 3826 461 3875 murum
473 3815 600 3897 portam
614 3804 766 3875 habuisse
779 3807 818 3874 ad
833 3806 965 3875 laeuam.
1000 3805 1102 3886 Quam
1116 3825 1188 3874 sen·

45 3989 47 4002 ‚
140 3928 261 3998 tentiam
274 3941 378 4020 quum
390 3928 612 4012 Aristarchus,
638 3941 787 4021 utsupra
806 3951 879 4020 pag.
894 3929 936 3998 57
953 3930 1016 3998 iam
1030 3905 1186 4011 vidimus,

140 4059 287 4135 tueretur,
312 4053 462 4144 suspicor
486 4056 586 4125 schol.
600 4056 648 4123 BL
661 4057 701 4126 ad
714 4062 754 4124 N
764 4055 829 4126 675
841 4066 950 4127 notam
965 4079 1036 4126 esse
1049 4057 1188 4125 Aristar·

45 4213 47 4230 ›
145 4176 263 4262 cheam,
291 4200 388 4272 quam
412 4181 550 4252 tortasse
573 4181 838 4252 commentationi
861 4182 899 4250 de
923 4179 1089 4250 navalibus
1104 4179 1189 4250 inse-
